2295 3872
820 70 876 118 ad
890 69 1080 117 Klockii
1101 69 1230 118 Libri
1254 73 1286 120 l.
1307 72 1464 132 Caput
1483 75 1544 122 V.

184 143 270 182 'uam
288 145 354 184 suis
370 148 505 185 viribus
527 147 657 186 servata
680 146 775 192 fult3
801 146 900 183 Illam
915 146 1032 181 Turca
1052 145 1102 181 ef-

187 197 539 247 'agitavitfflntequam
559 198 666 234 ullam
684 198 829 244 Europae
847 205 981 244 partem
1005 203 1099 230 tene-

160 253 212 279 ret
228 267 237 284 ›
262 247 411 293 eamque
438 248 608 284 haetenus
625 248 747 283 [artam
774 244 901 281 tectam
923 244 1101 279 conserva-

2007 89 2098 134 ι-ςι

1158 155 1200 182 ut
1227 146 1284 183 vel
1320 147 1460 193 majoris
1498 148 1555 184 vel
1594 148 1743 185 minoris
1774 148 1951 185 momenti
1991 149 2100 195 sunt²

1158 197 1325 232 constant.
1410 196 1538 232 Mutuo
1555 198 1697 234 sumunt
1720 197 1897 235 Canditati
1917 211 2103 247 argentum

1156 245 1242 281 illud
1275 246 1336 281 sub
1358 246 1471 281 usuris
1501 248 1515 292 (
1541 246 1626 282 Vide
1650 247 1693 283 de
1719 247 1820 283 modo
1849 249 1989 296 usuras,
2006 249 2103 286 alias

159 295 218 328 vit.
270 296 640 336 Aiuntffae'tumillud
656 295 754 331 fuisse
771 306 814 331 ex
830 292 992 334 confilio‚
1006 292 1104 339 quod
1148 293 1624 344 prohibitas‚constituendi
1649 296 1684 331 d.
1700 296 1856 332 Author.
1886 298 1948 334 lib.
1968 310 1990 333 ε
2026 308 2104 348 cap.

159 341 354 390 Religiosus
378 346 547 394 quidam,
574 356 683 394 quem
712 342 879 379 Sannum
906 341 1100 387 putabant,

159 390 314 439 Ragufiis
333 394 529 442 impertitus
553 394 665 430 fuerat
691 402 703 437 3
731 393 799 428 Hic
829 391 1030 438 praelagiens
1048 389 1103 424 fu-

159 448 275 476 turam
302 444 439 490 Imperii
464 444 604 480 Turcici
635 440 917 488 Magnitudinem
934 465 942 479 ‚
968 439 1101 474 dixerat

159 489 236 535 ipfis
269 493 409 527 unicam
442 493 614 528 rationem
649 490 801 537 ipsorum
828 487 1099 535 Rempublicam

159 537 303 584 liberam
323 542 432 576 muita
450 553 511 589 per
526 540 637 576 secula
661 538 812 574 servandi
830 564 841 581 ‚
869 537 944 572 fore
959 563 967 576 ,
994 547 1032 572 ut
1054 535 1100 572 fe-

159 587 317 624 liciffimo
328 590 491 626 omnium
503 590 701 636 Principum
713 587 827 634 eique,
839 587 900 634 qui
911 585 1098 634 aliquando

161 638 350 674 maximam
372 639 494 674 mundi
518 647 651 686 partem
669 636 727 672 fibi
753 636 969 682 subjecturus
986 635 1043 676 fit,
1066 633 1099 670 se

158 686 375 723 submittant.
425 687 477 722 illi
495 687 578 723 huic
597 685 739 722 consilio
748 684 855 720 fidem
874 684 1098 722 adhibebant.

159 736 416 784 mittebantque
434 735 546 772 statim
565 736 716 783 Legatos
732 735 823 771 duos
846 730 890 769 ad
911 732 1099 769 Sultanum

157 784 556 832 Orchanem,quiPrufae
574 809 584 826 ‚
612 795 693 820 ante
704 782 934 820 universalem
954 782 1097 830 Imperii

158 831 361 868 Graecorum
380 834 519 870 ruinam
535 845 572 868 re
598 834 665 868 iam
694 833 792 868 suam
812 832 972 867 habebat.
988 831 1098 879 Lega-

157 881 184 918 ti
208 879 318 929 ipsum
345 882 498 918 donariis
528 894 546 917 a
588 883 726 918 ciebant
742 905 752 918 ‚
779 881 936 918 literasve
946 880 1099 929 porrige-

156 930 238 966 bant
253 955 264 973 ,
278 931 406 978 quibus
428 930 569 980 Ragufii
593 930 834 979 exponebant,
864 931 973 978 qu'am
996 928 1099 966 anxie

154 989 385 1027 expeterent,
419 981 463 1016 ab
485 981 558 1028 ipso
592 981 681 1016 inter
714 979 916 1016 tributarios
942 978 1023 1016 suos
1046 989 1098 1014 re-

155 1025 238 1064 ferri
263 1053 273 1070 ,
300 1027 334 1064 ἃ
366 1039 406 1065 ut
444 1029 659 1078 Respublica
692 1028 848 1077 ipsorum
873 1028 995 1064 debilis
1011 1054 1020 1071 ‚
1035 1039 1099 1062 au-

152 1076 239 1114 xilio
262 1077 296 1112 8(
321 1077 542 1115 l’roteffione
567 1077 664 1115 Illius
683 1077 963 1114 confirmaretur.
1022 1075 1099 1112 Sul-

154 1135 259 1162 tanus
276 1127 427 1175 Legatos
437 1128 545 1165 hosce
561 1128 696 1173 optime
704 1128 862 1174 excepit,
873 1125 1010 1175 eosqtte
1025 1135 1100 1162 tan-

154 1184 193 1212 to
217 1176 342 1219 maiori
369 1176 489 1214 favore
515 1176 720 1225 prosecutus
744 1176 812 1212 fuit
829 1201 839 1218 ‚
865 1175 963 1223 quod
978 1175 1025 1212 ob
1049 1175 1099 1210 lo-

153 1236 281 1261 corum
298 1225 477 1274 ingentem
487 1224 682 1262 distantiam
700 1226 718 1261 a
736 1234 834 1262 metu
848 1236 1030 1261 armorum
1050 1224 1101 1260 su·

153 1285 261 1310 orum
277 1273 374 1311 liberi
392 1274 457 1311 effe
471 1276 659 1316 deberent,
684 1273 836 1323 iniitque
854 1287 940 1311 cum
959 1272 1101 1322 Ragufi-

153 1324 184 1359 is
206 1321 325 1359 foedus
346 1350 357 1366 ‚
382 1325 443 1360 [ub
468 1324 731 1361 conditionibus
761 1323 972 1373 aequiffimis.
1023 1323 1101 1359 Tri-

153 1372 283 1408 butum
307 1374 351 1409 ad
372 1374 584 1420 quincentos
612 1373 795 1421 Zequinos
823 1385 961 1409 annuos
994 1372 1100 1408 statu-

153 1430 231 1456 tum
250 1420 327 1457 fuit.
377 1422 558 1458 Orchanes
569 1422 662 1458 suam
676 1421 752 1470 ipsis
768 1421 1031 1460 Proteffionem
1040 1419 1099 1457 sti-

152 1470 340 1519 pulabatur
355 1496 366 1513 ,
383 1473 602 1520 omnia,quae
610 1471 840 1519 postulabant,
859 1470 1040 1520 privilegia
1059 1482 1100 1506 o·

152 1519 326 1568 mnesque
346 1521 589 1557 immunitates
618 1520 831 1569 largiebatur
847 1548 856 1560 ‚
882 1520 916 1556 &
937 1521 958 1556 fi
985 1520 1100 1562 nabat,

151 1567 350 1605 secundum
374 1582 512 1606 morem
542 1570 634 1606 illius
649 1570 737 1612 aevi,
772 1568 937 1604 articulos
991 1568 1100 1604 radia-

151 1617 227 1657 tus,
253 1629 359 1654 manu
376 1619 434 1655 sua
448 1628 523 1656 tota
538 1628 738 1656 atramento
754 1617 884 1654 infecta
900 1643 910 1661 ‚
927 1618 960 1654 δι
981 1617 1023 1654 sic
1040 1629 1100 1666 pa-

150 1677 239 1714 pyro
255 1666 422 1715 impressa.
479 1669 523 1705 Et
553 1668 630 1704 talis
661 1667 793 1704 modus
824 1667 978 1716 fignandi
1000 1676 1100 1703 tanta

151 1716 189 1751 in
204 1718 432 1754 veneratione
448 1718 544 1767 apud
560 1717 693 1754 Turcas
709 1716 773 1754 est,
795 1726 928 1764 quanta
936 1716 1099 1766 apudJu·

149 1764 241 1800 daeos
258 1765 401 1803 Tabulae
426 1767 565 1816 Moysis,
579 1776 640 1803 aut
663 1765 863 1803 pontificios
887 1765 1100 1802 San&orum

148 1812 301 1862 reliquiae
320 1816 407 1851 lunt.
457 1817 542 1853 Haec
557 1816 636 1860 ille,
663 1816 707 1853 de
730 1827 805 1864 quo
827 1825 948 1854 tamen
973 1815 1030 1854 alii
1046 1826 1100 1853 re-

149 1872 231 1900 tum
247 1863 478 1904 Turcicarum
491 1866 682 1915 Scriptores
697 1864 804 1903 filent.

535 1953 641 1987 Num.
666 1961 724 1995 25·

197 2015 244 2064 (8
244 2017 298 2102 ig)
319 2015 431 2066 Aliig:
443 2019 515 2058 &a
533 2015 564 2065 ]
588 2018 644 2053 Sic
671 2017 714 2053 de
733 2015 890 2066 Georgio
910 2017 1094 2064 Rakocio‚

148 2065 213 2114 qui
272 2067 336 2102 atri
367 2068 474 2102 Anno
493 2065 532 2101 M
542 2067 575 2101 D
584 2067 616 2102 C
625 2067 662 2102 X
671 2065 700 2102 L
709 2064 742 2103 V
753 2067 766 2102 Ι
777 2067 827 2102 ΙΙ.
842 2069 880 2103 in
893 2066 1096 2117 Principatu

149 2114 408 2162 Transylvaniae
442 2112 754 2164 succeffit‚legitur
778 2117 873 2164 apud
896 2118 1097 2155 Betlenium

148 2167 229 2201 Rer.
243 2166 277 2200 T
270 2164 430 2215 ramylv.
449 2163 512 2200 lib.
531 2180 559 2200 2.
576 2174 650 2213 cap.
683 2177 714 2203 ι.
738 2164 836 2213 quod
864 2165 991 2203 Turcae
1023 2168 1098 2204 Tri-

147 2211 278 2249 butum
289 2214 492 2261 quindecim
513 2212 664 2250 millium
675 2225 866 2250 aureorum
884 2241 892 2256 ‚
928 2214 1026 2264 quod
1036 2228 1098 2266 per

147 2271 218 2299 tres
246 2274 359 2298 annos
383 2263 523 2311 genitor
543 2262 646 2311 ipsius
680 2263 876 2312 persolvere
890 2265 1099 2314 neglexerat.

146 2311 344 2359 (regalibus
365 2312 593 2360 superadditis
604 2313 814 2349 muneribus
826 2313 841 2358 )
857 2313 924 2350 fine
933 2317 1098 2362 tergiver-

145 2360 280 2397 satione
295 2360 504 2409 persolverit.
517 2360 631 2410 Junge
649 2362 717 2397 Dn.
741 2362 837 2398 Briot
846 2375 890 2398 en
903 2363 930 2399 l'
945 2356 1098 2412 Histoire

132 2408 225 2507 fel’
241 2412 385 2460 Empire
401 2414 591 2448 ottoman.
609 2409 673 2448 lib.
684 2423 715 2447 1.
730 2410 830 2461 chap.
847 2422 993 2464 14.pag.
1015 2420 1063 2452 16
1066 2430 1097 2452 0.

161 2472 179 2495 e
227 2486 236 2496 .

179 2471 278 2554 9336)
306 2509 515 2558 Dona‚quae
532 2517 643 2545 extra
659 2509 822 2546 ordinem
841 2507 946 2560 ἄκη]
968 2512 1097 2558 Cuius·

145 2557 243 2593 modi
255 2555 562 2593 fueruntdonailla
575 2582 584 2595 ,
595 2559 929 2607 quaeInvictiffimus
947 2562 1098 2610 Impera-

145 2615 203 2642 tor
217 2605 419 2654 Leopoldus
431 2632 441 2649 ,
452 2618 536 2655 pace
545 2608 636 2643 inter
645 2607 757 2656 ipsum
767 2609 1005 2646 &Turcarum
1017 2612 1096 2648 Sul-

145 2663 267 2690 tanum
286 2656 471 2698 conclusa,
497 2668 558 2702 per
584 2656 759 2703 Legatum
787 2658 888 2694 suum
910 2659 1095 2697 Comitem

145 2701 319 2741 Leslaeum
335 2707 443 2740 Anno
458 2705 680 2743 MDCLXV.
696 2707 944 2744 Muhammedi
965 2709 1095 2745 1V.ob-

145 2752 238 2791 tulit.
287 2754 456 2802 Qorum
474 2754 679 2804 catalogum
699 2757 860 2792 Diarium
880 2758 1093 2806 Europaeum

140 2809 251 2850 parte
265 2807 336 2839 XII.
341 2813 422 2853 pag.
431 2817 476 2847 49
480 2817 514 2846 7·
523 2803 598 2854 [ἐς.
618 2817 808 2842 munerum
826 2805 911 2843 vero
925 2807 1094 2846 Turcico-

148 2860 228 2887 rum
235 2849 344 2899 ejusd-
349 2861 459 2901 parte
467 2858 555 2891 XIII.
557 2864 640 2904 pag.
648 2866 672 2898 4
680 2869 692 2892 1
698 2880 706 2890 .
715 2855 869 2894 exhibet.

525 2924 633 2960 Num.
660 2925 718 2957 26.

148 3009 159 3017 ·
218 2961 237 3006 (
256 2967 328 3007 87)
352 2969 522 3004 Praeterea
546 2982 665 3006 omnes
685 2972 716 3007 ii
733 2966 806 3012 &a
831 2971 851 3019 ]
890 2970 1090 3011 Noviflime

147 3008 245 3044 idern
265 3012 403 3050 testatur
421 3015 580 3055 laudatus
595 3021 699 3055 toties
714 3020 734 3056 a
750 3032 809 3056 me
825 3021 1006 3059 Dominus
1018 3024 1090 3059 Bri·

148 3067 231 3093 otus
247 3058 279 3094 d.
294 3059 354 3097 loc.
371 3073 444 3112 cap.
472 3079 579 3114 170ex
593 3081 667 3117 quo
689 3079 787 3118 patet
801 3094 812 3113 ,
839 3073 1023 3109 neminem
1044 3073 1089 3109 ad

147 3106 263 3142 ullum
287 3108 424 3168 Imperii
455 3126 586 3153 munus
611 3120 794 3166 pervenire
824 3144 835 3161 ‚
860 3120 921 3156 nist
946 3123 1008 3170 qui
1024 3123 1087 3158 im-

148 3155 284 3211 mensas
295 3169 450 3215 pecumae
461 3163 630 3209 summas,
654 3168 766 3204 valori
790 3168 867 3212 eius
897 3169 932 3205 &
957 3171 1087 3207 fructui

145 3205 273 3261 exinde
312 3210 477 3265 capiendo
512 3215 708 3264 adaequatas
733 3243 744 3256 ,
779 3229 844 3266 pro
874 3229 919 3254 eo
945 3221 1087 3268 pendat.

144 3253 240 3310 Inter
256 3254 316 3310 ¹¹.¹².
336 3257 450 3292 offima
464 3264 621 3308 quaedam
645 3265 749 3309 sunt,
774 3267 830 3304 uti
864 3268 986 3305 Bachae
1016 3282 1087 3307 ma·

142 3314 206 3351 gni
223 3302 318 3339 Cam
342 3305 375 3340 8(
408 3307 622 3364 Babyloniae,
639 3326 717 3362 quae
741 3316 778 3351 in
804 3327 992 3354 numerato
1018 3319 1085 3355 tria

142 3351 202 3388 vel
228 3363 381 3400 quatuor
402 3355 783 3411 mllllacoronatorum
801 3365 960 3406 solvant,
989 3379 1086 3404 ante-

141 3412 254 3449 quam
289 3403 572 3460 commiffionem
605 3413 783 3459 regiminis
806 3414 951 3452 suorum
976 3419 1086 3466 adipi-

140 3450 305 3496 scantur3
332 3452 397 3488 aha
419 3453 582 3493 ducentis
605 3461 757 3498 millibus
771 3488 784 3507 ‚
815 3463 989 3515 sexaginta
1007 3467 1084 3503 mil-

137 3495 252 3544 libus,
264 3500 518 3552 quinquaginta
534 3506 689 3548 millibus
703 3522 979 3562 coronatorum,
1003 3528 1085 3566 pro-

1158 357 1190 379 1.
1216 353 1302 393 pag.
1323 352 1403 384 282.
1422 349 1441 388 )
1467 344 1697 390 quadraginta
1719 346 1752 380 ὃ(
1779 346 2035 395 quinquaginta
2059 348 2104 383 ad

1155 403 1302 428 centum
1319 405 1381 441 per
1398 404 1531 428 annum
1553 419 1563 436 ,
1579 393 1612 428 ἃ
1631 406 1891 441 nonnunquam
1910 394 2020 444 duplo
2031 408 2104 432 ma-

1155 441 1209 486 jus
1231 443 1316 489 quid
1342 451 1556 484 numerant,
1582 442 1602 477 fi
1627 442 1683 477 vel
1702 443 1856 479 maxime
1886 445 2042 482 incidant
2065 447 2104 482 in

1155 501 1281 526 manus
1297 501 1482 526 avarorum
1499 491 1535 526 in
1562 491 1723 528 Serrailio
1747 492 2000 529 Evnuchorum
2028 495 2105 540 3Ut

1152 538 1222 574 hoc
1238 541 1347 575 modo
1362 540 1438 584 ejus
1464 539 1581 575 farinae
1611 540 1775 576 homines
1793 552 1960 588 reputent
1977 544 2008 580 se
2031 571 2041 585 ,
2065 546 2104 580 in

1153 586 1301 635 ingressu
1327 589 1433 625 officii
1463 589 1615 637 ipsorum
1643 613 1654 632 ,
1681 589 1747 624 effe
1776 591 1872 624 viros
1899 592 2024 630 debitis
2041 594 2103 629 ob-

1154 637 1315 677 rutos‚in
1329 638 1433 687 idque
1453 639 1519 674 toti
1538 639 1763 679 incumbant,
1783 638 1855 685 quo
1873 640 1966 676 bona
1992 667 2001 679 ,
2027 654 2102 690 quo

1152 686 1259 721 etiam
1278 687 1312 721 id
1335 687 1395 723 fiat
1412 688 1520 723 modo
1534 712 1544 727 ‚
1568 688 1611 722 ad
1627 687 1658 723 se
1678 688 1920 733 pertraherent
1938 716 1949 733 ‚
1975 691 2103 728 debitis

1153 735 1185 770 se
1209 735 1357 770 liberent
1372 761 1381 773 ‚
1409 736 1442 771 8<
1463 736 1643 783 peculium
1661 737 1762 772 suum
1788 747 1940 785 augeant
1958 750 1969 782 ;
1995 740 2103 788 idque

1152 793 1193 819 ut
1209 783 1341 820 faciant
1359 784 1456 820 brevi
1476 786 1646 831 temporis
1672 787 1780 833 spatio
1797 783 1928 821 necesse
1950 788 1998 823 est
2016 813 2026 830 ‚
2055 789 2103 824 ob

1153 842 1370 872 metum‚ne
1403 834 1633 882 improvisum
1662 836 1871 870 mandatum
1893 838 2068 883 accipiant
2093 863 2102 878 ,

1152 882 1250 930 quod
1281 882 1371 930 ipsos
1403 892 1548 919 revocet
1577 884 1611 919 ὃ(
1642 885 1815 920 rationem
1838 880 1923 933 gesti
1946 887 2103 922 muneris

1153 932 1278 980 exigat.
1327 930 1495 967 Similiter
1540 933 1691 969 Lazarus
1723 933 1909 969 Soranzius
1935 936 1973 970 in
1998 942 2103 972 Otto-

1152 993 1289 1017 masmo
1331 989 1406 1027 cap.
1436 995 1498 1023 47.
1526 982 1607 1028 (cui
1634 981 1789 1019 Achilles
1816 983 2034 1020 Traduccius
2065 996 2104 1020 m

1152 1031 1270 1065 Tarm
1285 1028 1459 1065 vincibili
1475 1040 1557 1081 pag.
1576 1044 1657 1074 14⁰·
1676 1030 1945 1078 addendus‚)iic
1967 1033 2104 1081 inquit:

1152 1079 1260 1114 More
1292 1087 1475 1125 receptum
1503 1081 1550 1114 est
1567 1108 1575 1119 ‚
1606 1091 1646 1115 ut
1663 1092 1789 1117 omnes
1809 1080 1910 1117 Bassae
1933 1107 1943 1119 ‚
1968 1083 2104 1131 Begler—

1154 1129 1234 1176 begi
1259 1153 1268 1167 ‚
1293 1127 1518 1176 Sangiacchi,
1545 1128 1578 1164 &
1596 1127 1651 1165 alii
1669 1129 1836 1166 officiales
1860 1132 2067 1178 Imperatori
2090 1155 2104 1171 ‚

1154 1178 1217 1213 ubi
1239 1176 1282 1212 ad
1299 1177 1493 1213 exercitum
1517 1179 1697 1224 pervenit,
1724 1179 1789 1215 sese
1818 1179 1948 1221 fistant,
1974 1181 2007 1217 Sc
2025 1192 2105 1217 mu-

1154 1238 1238 1262 nere
1263 1226 1421 1274 qundam
1445 1226 1557 1274 ipsum
1585 1227 1765 1263 honorent
1792 1253 1802 1271 ‚
1828 1229 1864 1264 id
1891 1229 2047 1266 cumi-iat
2065 1230 2104 1268 in

1155 1275 1298 1324 publico
1313 1274 1389 1310 &in
1400 1274 1586 1323 conspectu
1597 1278 1760 1313 omnium
1777 1303 1785 1317 ‚
1805 1278 1990 1314 ambitiose
2011 1281 2104 1315 invi-

1154 1335 1233 1361 cem
1249 1333 1380 1360 certare
1397 1324 1509 1361 solent
1531 1350 1541 1367 ,
1567 1326 1644 1374 quis
1660 1324 1871 1373 splendidius
1888 1328 1921 1363 &
1946 1328 2104 1376 praestan·

1154 1374 1226 1410 tius
1256 1373 1393 1410 donum
1428 1375 1635 1421 Imperatori
1662 1374 1796 1411 offerat.
1879 1377 1964 1412 Non
1997 1378 2104 1426 igitur

1154 1423 1322 1471 expendit
1348 1447 1357 1465 ,
1390 1421 1446 1458 sed
1476 1422 1609 1471 colligit
1640 1426 1827 1471 pecuniam
1850 1425 2103 1474 belligerando

1153 1473 1260 1509 Secus
1276 1470 1397 1508 evenit
1418 1471 1541 1508 nostris
1560 1473 1777 1521 Principibus
1801 1500 1811 1517 ,
1837 1475 1899 1523 qui
1925 1475 2002 1511 raro
2026 1476 2105 1512 diti-

1153 1533 1231 1557 ores
1242 1546 1252 1563 ,
1269 1521 1480 1569 plerumque
1492 1521 1665 1558 exhaustis
1684 1524 1810 1560 aerariis
1824 1526 2050 1573 pauperiores
2059 1535 2106 1566 ex

1153 1581 1198 1608 ex
1214 1570 1306 1607 bello
1315 1571 1474 1607 redeunt.

1527 1658 1639 1692 Num.
1668 1669 1722 1701 29·

1204 1749 1221 1796 (
1242 1747 1321 1793 88)
1353 1746 1525 1799 Caeterosg',
1551 1747 1743 1797 poffiffires
1776 1746 1958 1799 quoslibet
1983 1749 2057 1792 &a
2072 1747 2104 1799 ]

1152 1797 1239 1834 Haec
1261 1806 1380 1834 autem
1398 1798 1491 1832 bona
1514 1801 1525 1841 (
1537 1800 1656 1847 pergit
1671 1799 1828 1848 Legatus
1845 1803 1997 1835 Venetus
2004 1796 2107 1850 apud

1151 1849 1359 1884 Honorium
1375 1847 1416 1883 in
1432 1844 1530 1893 Thess.
1546 1849 1647 1884 Polli.
1659 1856 1740 1898 pag.
1757 1861 1815 1892 90.
1838 1861 1882 1884 ex
1905 1862 1973 1898 quo
2000 1861 2105 1888 num·

1152 1909 1213 1938 27.
1234 1894 1384 1946 &fi’qq.
1403 1894 1755 1947 destcmpti‚paucagss
1767 1897 2012 1935 Montalbani
2019 1910 2106 1935 ver·

1152 1946 1201 1983 ba
1225 1945 1455 1995 interpolata
1466 1944 1547 1992 sim
1571 1948 1589 1992 )
1617 1946 1745 1982 deinde
1767 1948 1857 1982 inter
1881 1947 2010 1983 milites
2028 1958 2106 1996 par-

1151 1996 1207 2032 titi
1228 1995 1306 2032 sunt
1341 1995 1424 2031 loco
1456 1994 1643 2042 stipendii,
1667 1996 1755 2032 adeo
1781 2006 1821 2032 ut
1842 1997 1984 2045 quoties
2008 2006 2106 2033 nova

1149 2055 1256 2093 regna
1284 2054 1385 2091 capta
1412 2043 1491 2080 sunt
1511 2068 1521 2086 ‚
1543 2044 1700 2080 militum
1726 2057 1896 2082 numerus
1928 2043 2029 2082 fimul
2045 2057 2108 2083 au·

1150 2094 1227 2130 &cus
1243 2095 1360 2131 fuerit.
1410 2094 1619 2142 cujusmodi
1632 2094 1839 2142 beneficium
1856 2091 1932 2136 &a
1943 2104 1989 2132 ut
2007 2094 2107 2145 estin

1150 2156 1252 2184 num.
1262 2156 1321 2188 30.

1199 2234 1297 2281 (89)
1319 2234 1413 2284 Qae
1424 2231 1516 2282 fiant
1538 2241 1726 2283 tanquam
1752 2234 1959 2270 commendat
1982 2230 2057 2277 &a
2073 2233 2107 2285 ]

1150 2281 1338 2321 Timarum
1356 2285 1496 2332 proprie
1514 2284 1583 2320 dici
1600 2283 1711 2331 potest
1728 2283 1846 2331 pensso
1865 2281 2028 2332 quaedam
2044 2283 2105 2323 vel

1150 2332 1331 2382 assignatio
1362 2343 1545 2369 certorum
1577 2333 1756 2368 redituum
1788 2357 1797 2372 ,
1837 2334 1958 2380 quiex
1985 2333 2107 2371 fundis

1150 2383 1396 2432 percipiuntur
1415 2407 1425 2422 ,
1452 2379 1547 2418 bello
1570 2381 1743 2429 acquifitis
1761 2405 1772 2424 ,
1806 2383 1868 2430 qui
1904 2383 2002 2418 certa
2022 2392 2105 2432 por.

1150 2433 1250 2469 tione
1275 2432 1533 2468 distribuuntur
1560 2430 1749 2474 militibus,
1768 2439 1924 2478 quorum
1945 2442 2014 2480 prae
2041 2444 2104 2469 cae·

1151 2481 1236 2518 teris
1262 2481 1409 2518 emicuit
1430 2480 1703 2528 magnanimitas
1722 2505 1733 2523 ‚
1758 2480 1894 2529 quique
1924 2481 2105 2519 strenuam

1150 2529 1188 2568 in
1206 2530 1301 2567 bello
1325 2539 1498 2566 navarunt
1527 2539 1673 2577 operam
1697 2554 1707 2571 ‚
1733 2540 1817 2564 cum
1840 2530 1992 2567 coloniis
2013 2533 2103 2568 anti-

1150 2582 1230 2628 quis
1246 2580 1302 2616 vel
1320 2579 1436 2615 feudis
1453 2604 1463 2617 ,
1488 2577 1544 2615 vel
1567 2589 1645 2626 quae
1671 2577 1785 2614 nostra
1809 2585 1912 2616 ae'tate
1934 2580 2104 2618 dicuntur

1151 2627 1486 2668 Commendamus,
1506 2628 1703 2676 comparari
1733 2625 1881 2676 possent.
1961 2629 2102 2666 Praemi—

1150 2678 1333 2727 um‚quod
1355 2676 1510 2713 Romani
1533 2677 1568 2712 in
1604 2676 1734 2712 milites
1760 2676 1850 2713 bene
1875 2677 1919 2713 de
1946 2677 2100 2727 Republ.

1149 2729 1296 2764 meritos
1322 2727 1482 2763 conferre
1514 2725 1667 2762 solebant
1682 2751 1691 2768 ‚
1718 2734 1758 2762 ut
1778 2726 1821 2761 ad
1850 2722 1926 2763 dies
1950 2730 2028 2763 vitae
2052 2739 2098 2764 eo

1148 2777 1356 2814 fruerentur
1373 2801 1382 2813 ,
1405 2774 1575 2811 beneficia
1598 2775 1843 2824 appellabant:
1885 2772 2099 2812 beneficiari³

1147 2839 1186 2863 os
1206 2826 1312 2866 vero,
1329 2825 1391 2874 qui
1408 2823 1470 2861 illo
1487 2827 1632 2872 praemio
1657 2824 1872 2861 fruebantur.
1922 2825 2018 2860 Cum
2041 2825 2097 2860 his

1146 2875 1314 2913 convenit
1331 2900 1342 2918 ,
1362 2874 1463 2924 quod
1479 2874 1610 2911 Graecis
1634 2875 1770 2921 τιμᾶςοιν
1784 2899 1792 2913 ,
1815 2872 1980 2919 cumei-ro:
1994 2871 2028 2907 &
2043 2889 2093 2908 τιε-

1145 2927 1291 2973 nagida-o.
1314 2923 1469 2972 personae
1501 2924 1678 2960 dicuntur.
1730 2918 1949 2969 Etymologia
1971 2921 2095 2967 avoce

1147 2978 1223 3017 τιμὴ
1243 2974 1349 3010 ducta
1363 2985 1460 3021 ,quae
1478 2971 1655 3009 honorem
1670 2968 1921 3020 significat,&'c.
1940 2969 2094 3005 Bodinus

1144 3023 1189 3060 a'e
1207 3022 1351 3073 Republ.
1369 3022 1431 3059 lib.
1448 3037 1475 3059 1.
1494 3032 1567 3072 cap.
1591 3038 1600 3056 ι
1611 3036 1642 3058 ο.
1659 3033 1730 3056 non
1748 3019 1847 3066 long&
1863 3017 1889 3051 a*
1900 3017 2091 3067 principio,

1142 3073 1206 3110 lib.
1219 3072 1572 3122 2.cap.2.lib.5.cap.
1586 3084 1619 3116 5.
1639 3071 1697 3105 ubi
1717 3065 2090 3114 docetlsimariavnon

1141 3123 1289 3159 transire
1312 3122 1355 3157 ad
1371 3121 1538 3157 haeredes.
1610 3119 1681 3154 Cui
1715 3113 1918 3153 contrariari
1947 3114 2091 3152 ‘videtur

1142 3172 1218 3208 Lex
1242 3171 1404 3207 Osmanis
1430 3166 1524 3219 apud
1548 3166 1802 3204 Leunclavium
1820 3162 1884 3198 lib.
1907 3172 1941 3206 3.
1958 3163 2090 3211 Hssor.

1141 3217 1320 3268 Musiclm.
1353 3231 1439 3270 pag.
1476 3231 1553 3262 153.
1573 3218 1613 3252 in
1643 3214 1708 3251 haec
1736 3210 1853 3247 verba
1878 3224 1980 3248 conce
2003 3223 2048 3250 ta
2073 3224 2087 3250 ὲ

1141 3271 1362 3320 Qicunque
1386 3269 1522 3305 timaria
1543 3291 1553 3308 ‚
1578 3265 1633 3298 vel
1660 3264 1695 3297 in
1720 3260 1883 3296 villarum
1900 3286 1908 3298 ‚
1936 3268 1979 3297 ‘ve
2025 3263 2088 3311 afi-

1140 3332 1246 3356 orum
1279 3318 1489 3368 praediorum
1508 3313 1693 3350 constituta
1729 3310 1961 3358 proventibus
1996 3337 2006 3354 ,
2045 3311 2088 3348 li-

1140 3368 1319 3406 beralitate
1348 3367 1462 3402 nostra
1491 3361 1730 3408 consequutus
1761 3360 1864 3394 fuerit
1898 3369 1910 3405 ς
1962 3356 2016 3397 Eis
2043 3361 2087 3398 fic

1139 3421 1193 3455 uti
1226 3418 1298 3454 frui
1322 3416 1463 3451 debebit
1501 3436 1512 3452 ‚
1545 3420 1584 3444 ut
1617 3409 1666 3444 illi
1707 3409 1842 3457 absque
1879 3406 1964 3453 justa
2002 3420 2086 3446 cau-³

1138 3466 1170 3504 sa
1196 3493 1205 3508 ‚
1233 3479 1278 3503 ne
1295 3465 1416 3502 minis,
1435 3455 1504 3496 ulla
1537 3460 1602 3494 {ive
1633 3458 1756 3493 fraude
1779 3482 1788 3494 ‚
1820 3457 1888 3493 five
1907 3459 1940 3494 ‘vi
1965 3484 1975 3497 ,
2015 3460 2085 3496 adi-

1139 3527 1294 3555 mantur.
1321 3511 1431 3562 Qd
1440 3509 1463 3545 si
1480 3517 1596 3545 morte
1605 3506 1790 3593 deceffexrilt,
1799 3507 1922 3545 eadem
1932 3508 2085 3594 ipfiuslfia

1794 3568 1822 3602 4
2049 3567 2085 3594 10
