2295 3872
146 103 164 135 ι
179 104 198 140 5
210 103 240 132 0
498 84 537 128 C
544 81 822 145 hristophori
841 82 1005 129 Pelleri
1017 82 1386 130 Observationes
1407 95 1552 150 atque
1569 84 1847 133 Additiones

123 153 682 209 δυηςιῦεῇῦὶὑτᾶἰίᾶῆῧτααεε
692 157 1000 205 unozzegimente
1009 168 1037 191 c.
1044 170 1077 199 3.

123 210 287 266 perhibet
301 204 471 243 Moldavfi
482 204 609 240 solvere
618 214 749 253 quotan
756 207 807 240 nis
817 205 926 241 centu
935 205 968 240 8<
978 205 1078 241 octo-

122 268 221 308 ginta
230 257 339 293 millia
347 269 359 301 3
373 255 407 291 V
408 252 534 289 alachfi
546 253 631 288 vero
641 254 789 289 sedecim
805 253 1078 290 milliaCorona-

123 317 254 344 torum.
302 303 517 340 Fournierm
529 302 719 352 Geograph.
731 305 825 339 orbis
840 313 917 339 not.
937 302 1000 339 lib.
1022 316 1075 339 11.

123 357 231 406 capit.
260 365 317 391 21.
342 350 388 393 ὦ·
414 363 469 386 22.
489 350 626 398 firibtt
675 351 815 388 Polonis
833 352 952 400 saepius
975 377 984 391 ,
1011 351 1074 387 ali--

122 403 265 454 quando
308 401 487 449 Hungaris
525 410 714 447 utramque
755 405 770 446 (
804 401 1009 436 Valachiam
1041 401 1075 436 ὃς

121 451 339 490 Moldaviam
356 451 372 496 )
399 449 497 486 fuisse
522 449 896 498 stipendiariam,nune
920 450 953 485 δι
972 449 1075 487 Polo—

121 501 176 538 nis
194 501 229 537 δ(
244 500 370 536 Turcis
383 512 399 542 ‚·
434 500 638 548 Bogdanem
657 499 834 535 Valachiae
851 499 971 535 Turco
989 511 1075 547 pen-

121 551 203 587 dere
220 548 339 585 CXX.
355 547 452 584 mille
466 548 637 590 florenos,
664 548 848 583 Moldaviae
872 548 1073 584 Vaivodam

119 599 241 636 LVIII.
264 596 361 634 mille
385 609 512 634 aureos
532 597 668 632 Italicos
685 598 720 632 in
735 597 887 646 singulos
904 610 1073 636 annos‚e-

146 659 212 684 uos
229 646 271 683 D.
291 646 325 683 ὃ(
347 646 502 683 falcones
519 646 630 682 CCC.
650 648 841 696 (Georgius
857 648 884 682 d
896 646 1072 684 Reichers-

119 660 222 747 Zorff
230 695 272 733 in
295 694 405 733 Chora
431 694 562 745 raphin
596 694 879 745 ‘Transylvanim
895 698 911 742 )
940 697 1074 733 Vaivo-

118 747 172 783 dae
192 746 374 783 succedere
389 744 412 780 fi
429 746 480 780 ios
503 745 609 779 etiam
627 745 759 781 nothos
774 770 785 787 ,
810 744 963 781 eleetum
981 746 1074 782 Tur-

117 808 201 835 cam
228 796 368 832 mittere
391 795 426 829 in
451 791 694 840 posseffionern
718 793 907 831 traditione
929 795 1073 838 vexilli,

117 844 243 895 gladii,
259 844 293 880 δι’
311 842 467 879 militaris
493 841 606 878 clavae.
660 843 746 890 Qo
774 856 871 880 nunc
903 855 1073 880 oneretur

117 895 257 932 tributo
281 892 457 929 Moldavia
475 916 485 927 ‚
516 891 642 927 Turcis
664 892 809 940 Bugdan
827 893 917 929 diE‘ta
934 919 943 936 ,
963 893 1074 930 novis·

117 944 225 981 fimus
240 953 358 978 rerum
375 941 686 976 Ottomanicarum
714 941 860 990 scriptor
878 942 946 979 sive
962 943 1074 978 inter-

116 1005 198 1044 pres
213 990 371 1028 Gallicus
389 990 488 1025 Briot
503 1001 548 1025 en
557 989 582 1025 l'
602 989 754 1037 Hssoire
765 992 808 1027 de
823 991 848 1027 l’
861 992 1002 1041 Empire
1010 998 1075 1030 Ot-

117 1046 254 1080 t‘oman.
263 1039 286 1076 l.
298 1052 329 1075 ι.
341 1038 442 1088 chap.
454 1051 509 1081 14.
517 1039 634 1080 docet,
645 1051 729 1075 cum
743 1040 960 1089 praefatione,
972 1041 1073 1090 quod

71 1133 74 1134 ⁷
115 1087 401 1129 Leitoromnino
416 1087 807 1125 relationitributorurn
818 1091 881 1125 abi
912 1090 945 1126 so
963 1090 1073 1126 addu-

78 1135 81 1136 ⁷
115 1139 179 1178 &ae
196 1138 363 1175 adhibere
379 1136 486 1172 fidem
498 1147 614 1185 queat,
625 1148 750 1186 utpote
760 1138 853 1174 fideli
885 1151 963 1175 imae
974 1140 1005 1175 8(
1017 1151 1075 1175 ex-

114 1188 289 1228 afi'tissimae
299 1213 309 1230 ‚
325 1187 408 1222 cum
419 1186 476 1222 illa
487 1186 545 1234 ipfi
555 1187 679 1222 tradita
689 1187 796 1224 fuerit
808 1188 828 1224 a
837 1189 978 1237 persona
988 1200 1075 1237 qua-

114 1240 209 1289 piam
219 1263 228 1278 ,
236 1248 314 1284 quae
322 1236 522 1272 Turcarum
533 1238 680 1272 nomine
692 1235 851 1285 pluribus
861 1239 961 1275 annis
970 1239 1076 1284 vaje-

112 1287 214 1326 vodae
222 1285 410 1322 Moldaviae
419 1285 451 1320 8<
461 1284 633 1321 Valaehiae
642 1297 791 1322 munere
802 1286 924 1323 funeta
944 1287 1075 1331 fuerat3

112 1336 308 1387 pergitque,
320 1347 363 1370 en
382 1335 496 1382 igitur,
511 1346 589 1384 quae
606 1335 785 1372 Moldavia
796 1337 919 1373 tributi
929 1338 1076 1373 nomine

113 1387 305 1438 quotannis
314 1385 457 1432 pendat.

166 1447 198 1473 1.
224 1434 359 1482 Magno
387 1433 548 1469 Domino
569 1443 713 1469 centum
731 1435 857 1483 viginti
888 1447 1076 1473 crumenas

113 1485 246 1535 argenti
258 1483 376 1532 signati
386 1494 538 1529 quarum
547 1483 695 1531 quilibet
705 1485 920 1534 quingentos
929 1497 1077 1521 corona·

111 1546 171 1574 tos
181 1534 378 1574 contineat,
395 1532 436 1568 sic
453 1533 538 1568 utin
553 1532 753 1570 universum
776 1534 951 1583 sexaginta
967 1534 1077 1571 millia

115 1594 378 1623 coronatorum
389 1581 554 1621 efficiant.

167 1647 203 1671 2·
234 1634 371 1669 Decem
398 1630 497 1667 mille
516 1629 604 1667 okes
622 1630 746 1674 Cerae,
771 1645 1074 1682 unumquemque

114 1682 211 1722 oken
229 1683 316 1719 duas
325 1681 427 1717 libras
435 1692 523 1717 cum
533 1680 679 1717 dimidia
689 1681 901 1732 Anglicanas
917 1684 1074 1731 penden-

114 1743 202 1771 tem.

169 1793 201 1830 3.
227 1781 365 1817 Decem
375 1778 471 1815 mille
487 1776 575 1814 okes
593 1778 718 1814 mellis.

163 1843 202 1877 4.
227 1830 442 1866 Sexcentum
460 1827 598 1878 quintal
614 1827 682 1865 sevi
691 1828 727 1864 in
736 1826 840 1864 usum
860 1830 1073 1868 Armamen-

114 1891 208 1919 tarn.

168 1941 202 1975 5.
229 1927 405 1978 Quinque
424 1923 513 1962 Okes
528 1935 804 1974 praeparatorum
817 1929 1011 1965 coriorum.

164 1987 197 2019 6.
220 1978 445 2027 anentas
460 1974 545 2011 telas
571 1976 784 2011 cannabinas
809 1988 873 2024 pro
894 1978 1022 2014 vestitu
1038 1978 1074 2015 &

115 2028 256 2066 indufiis
286 2026 546 2074 mancipiorum
558 2049 567 2063 ‚
583 2026 645 2073 qui
674 2026 711 2061 in
743 2024 948 2064 triremibus
973 2027 1074 2064 desu-

115 2079 211 2114 dant.

161 2140 197 2172 7.
220 2124 316 2161 Mille
333 2132 535 2161 tercentum
557 2123 700 2171 triginta
727 2121 816 2161 Okes
831 2126 901 2161 ceri
924 2126 961 2161 in
971 2125 1074 2162 usum

117 2174 392 2213 armamentarii.

165 2236 197 2269 3.
222 2223 342 2260 Primo
360 2223 479 2259 Viziro
496 2221 620 2257 decem
636 2232 824 2258 crumenas
850 2224 997 2271 argenti,
1009 2224 1074 2260 sive

116 2276 279 2323 quinque
298 2272 405 2309 millia
421 2271 804 2314 Coronam-nmmum
814 2271 965 2321 pellibus
982 2286 1074 2310 mar-

115 2326 162 2362 tis
171 2323 341 2372 Scythicae
351 2324 386 2358 in
397 2320 609 2357 vestimentu
616 2333 667 2359 m.

168 2389 200 2418 9·
229 2373 350 2410 Viziro
363 2369 497 2418 Kahija
506 2396 517 2413 ‚
531 2370 598 2406 five
608 2369 774 2419 primario
785 2368 883 2405 Aulae
892 2369 1073 2420 Magistro,

118 2434 327 2460 crumenam
343 2421 621 2470 quincentorum
635 2427 900 2455 coronatorum.

172 2483 222 2508 10.
245 2469 511 2518 chterdarfive
522 2481 654 2518 magno
679 2468 911 2505 Thesaurario
930 2477 1072 2506 tanturn

118 2531 295 2571 quantum
305 2520 425 2555 Viziro
433 2518 572 2565 Kahija.

166 2572 209 2606 Et
218 2570 287 2605 hoc
296 2568 342 2604 est
351 2568 526 2604 tributum
537 2567 624 2604 illud
634 2566 977 2616 Ordinarium‚quod
993 2579 1074 2616 pro-

117 2620 235 2658 vincia
243 2618 300 2654 illa
308 2617 519 2660 Sultano‚in
530 2617 665 2666 iignum
684 2616 943 2664 Superioritatis
961 2617 1073 2653 exsol-

118 2669 192 2714 vit3
219 2667 348 2716 quibus
364 2666 476 2701 multa
485 2666 586 2715 plura
597 2677 724 2707 onera,
751 2665 880 2702 miseris
892 2665 957 2702 illis
970 2666 1073 2703 Inco-

117 2718 161 2755 lis
181 2717 251 2754 fere
267 2715 459 2762 inpatibilia
473 2741 483 2757 ,
501 2715 619 2752 senfim
639 2714 783 2750 inducta
802 2716 980 2752 accedunt
995 2741 1005 2758 ‚
1027 2717 1072 2753 de

117 2766 250 2817 quibus
262 2765 331 2813 ipse
346 2764 504 2800 laudatus
514 2765 694 2800 Dominus
704 2764 799 2800 Briot
816 2764 850 2800 d.
869 2764 932 2801 loc.
951 2765 1073 2801 consu-

117 2816 213 2854 latur
228 2841 239 2858 ,
264 2815 327 2862 qui
347 2814 384 2849 in
400 2813 626 2861 sequentibus
645 2813 801 2850 Censum
825 2825 988 2849 annuum
1003 2816 1074 2851 Va-

118 2865 238 2903 lachiae
269 2864 340 2900 hoc
356 2862 468 2899 modo
489 2871 675 2899 enumerat
705 2875 717 2908 3
744 2863 931 2911 pendenda
946 2862 1073 2900 scilicet

117 2915 227 2953 refert
243 2939 254 2957 ,

173 2976 202 3001 1.
229 2963 365 3011 Magno
381 2960 542 2997 Domino
559 2959 632 2996 duo
660 2958 769 2995 millia
788 2971 871 2996 cum
899 2961 1074 3010 sexaginta

123 3012 307 3050 crumenis
321 3036 331 3055 ,
358 3011 427 3047 five
436 3019 582 3046 centum
599 3009 743 3057 triginta
758 3009 868 3045 millia
884 3021 1073 3048 coronato-

121 3073 212 3099 rum.

174 3123 209 3146 2..
232 3109 452 3159 Qindecim
469 3106 566 3143 mille
580 3104 689 3142 Ockes
699 3106 825 3145 mellis.

176 3168 207 3204 3.
231 3159 374 3194 Novem
392 3156 489 3193 mille
505 3154 698 3193 Ockesceri.

174 3218 211 3250 4.
234 3206 352 3242 Primo
367 3208 491 3243 Viziro
508 3206 632 3241 decem
655 3215 841 3242 crumenas
857 3205 1012 3254 argenti,
1033 3205 1071 3241 si-

126 3265 172 3290 ve
189 3253 348 3302 quinque
371 3255 480 3292 millia
503 3264 759 3291 coronatorum
774 3279 785 3293 ,
807 3266 891 3290 cum
906 3255 1001 3290 veste
1026 3265 1071 3292 ex

127 3311 243 3338 marte
258 3303 427 3348 Scythica.

181 3363 211 3396 5.
236 3350 426 3397 Tefterdar
442 3378 450 3389 ‚
478 3352 544 3388 five
564 3363 696 3402 magno
713 3350 964 3395 Thesaurario,
990 3363 1070 3388 cru-

127 3410 271 3435 menam
293 3401 439 3444 argemi,
463 3400 528 3436 five
544 3401 758 3449 quincentos
772 3410 973 3439 coronatos,
985 3412 1071 3437 cum

128 3447 222 3485 veste
231 3457 275 3482 ex
284 3457 393 3480 marte
404 3447 571 3493 Scythica.

180 3499 212 3532 6·
238 3493 361 3530 Kuslir
375 3499 413 3529 A
434 3496 546 3535 a‚s1ve
562 3499 729 3544 primario
739 3497 995 3536 Evnucharum
1004 3496 1073 3534 foe-

129 3544 309 3584 minarum
325 3543 398 3580 duo
423 3543 512 3578 ecim
522 3545 617 3583 mille
625 3548 766 3596 Aspros.

1176 168 1209 202 7.
1234 159 1357 195 Viziro
1374 157 1509 208 Kahija
1527 185 1537 200 ,
1560 160 1628 197 five
1649 159 1751 196 Aulae
1774 159 1942 210 Magistro
1971 164 2078 212 quin·

1128 217 1251 245 centos
1272 208 1476 245 Coronatos
1501 220 1587 245 cum
1624 209 1719 245 veste
1746 221 1792 246 ex
1813 220 1927 248 marte
1942 212 2076 261 Scythi-

1127 269 1179 293 ca.

1176 307 1408 355 Praeterg‘quae
1431 306 1664 344 intolerandis
1693 306 1811 344 modis
1828 319 1902 344 non
1924 308 2019 345 [ecus
2035 321 2075 347 ac

1127 355 1305 391 Moldavia
1321 357 1395 392 haec
1409 357 1477 404 ipsa
1487 356 1658 393 Valachia
1666 355 1946 405 impositionibus
1955 356 2076 396 aliisve

1126 405 1368 442 exactionibus
1377 406 1571 443 divexatur.

1503 491 1614 526 Num.
1640 501 1701 537 24.

1173 570 1269 617 (83)
1293 570 1502 622 Epidaurus
1515 572 1626 621 φα]
1653 571 1869 621 Epidaurum
1887 568 2077 607 condidisse

1125 621 1328 668 quempiam
1343 622 1558 669 Epidaurum
1577 623 1723 658 nomine
1741 622 1777 657 in
1796 621 1964 669 Argolide
1979 646 1989 661 ,
2015 620 2077 657 ubi

1124 670 1300 718 templum
1313 670 1500 719 AEseulapii
1510 699 1519 714 ‚
1531 683 1603 706 non
1613 671 1738 719 procul
1756 671 1775 705 a
1792 669 1974 706 Troezene.
2025 672 2076 706 A·

1124 717 1206 754 liam
1222 718 1310 755 vero
1327 721 1505 756 civitatem
1522 719 1629 763 hujus
1639 720 1794 756 nominis
1805 720 1840 754 in
1857 719 2077 768 Peloponne-

1126 767 1203 803 so&
1221 768 1375 804 Laconia
1407 769 1503 804 fitam
1530 795 1540 806 ‚
1564 769 1698 806 Graecis
1740 770 1848 805 hodie
1873 774 2078 812 μονεμβασίαν

1126 817 1257 852 diuam
1275 843 1285 860 ‚
1316 817 1439 854 Itche
1464 818 1684 863 Mfflvafiam,
1709 819 1804 855 unde
1827 818 1963 854 Vinum
1988 815 2077 852 Mal.

1125 867 1284 902 vaticum
1309 867 1607 915 generolissimum
1629 893 1640 911 ,
1661 867 1749 904 adeo
1776 877 1817 903 ut
1844 867 1876 902 ὃ(
1909 865 2077 903 Cretense

1125 915 1251 951 vinum
1277 916 1323 951 ob
1355 928 1475 964 parem
1493 918 1659 955 virtutem
1684 920 1733 954 ita
1751 918 1968 953 nominetur.
1991 915 2078 952 Ter—

1126 964 1212 1001 tiam
1226 966 1260 1000 in
1271 964 1459 1009 I’arthinis,
1469 978 1547 1014 quae
1557 966 1665 1002 hodie
1673 967 1806 1016 Raguzi
1816 991 1826 1003 ,
1843 974 1947 1000 notat
1972 964 2014 1001 in
2025 968 2078 1001 A·

1125 1013 1356 1062 nimadvers
1365 1016 1406 1051 in
1423 1014 1529 1052 Eusb.
1554 1015 1718 1065 Scaliger.
1740 1016 1795 1053 De
1808 1025 1878 1064 qua
1886 1015 1992 1051 etiam
2002 1013 2077 1053 Lu-

1128 1075 1236 1100 canus
1254 1063 1313 1100 lib.
1329 1077 1360 1100 2.
1377 1064 1492 1101 canit:

1176 1152 1290 1202 Illyris
1313 1153 1433 1191 Ionia
1445 1166 1577 1205 urgens
1591 1151 1801 1205 Epidaurm
1814 1155 1856 1192 in
1870 1152 2000 1194 undas.

1127 1242 1168 1278 In
1188 1243 1305 1292 Illyrio
1322 1244 1419 1279 enim
1447 1243 1504 1280 seu
1523 1243 1702 1280 Dalmatia
1719 1243 1777 1279 fita
1790 1269 1801 1287 ,
1837 1244 1857 1282 a
1880 1244 2010 1281 Gothis
2026 1243 2079 1281 di·

1127 1302 1207 1328 ruta
1222 1319 1232 1335 ‚
1250 1292 1421 1329 Pausaniae
1438 1293 1472 1329 ἅ*
1496 1293 1658 1330 Straboni
1682 1294 1828 1330 Limira
1850 1295 2080 1344 cognomina-

1128 1351 1164 1377 ta
1178 1368 1188 1384 ,
1213 1341 1310 1391 quod
1323 1342 1361 1378 fit
1377 1343 1561 1391 portuosa,
1577 1343 1597 1379 ὲ
1616 1343 1720 1390 cujus
1736 1343 1847 1379 ruinis
1863 1343 2010 1394 Ragufia
2027 1342 2078 1389 ju·

1127 1393 1185 1427 xta
1206 1391 1384 1428 aedificata.
1433 1393 1453 1437 (
1462 1392 1628 1441 Stephan.
1643 1392 1947 1440 ianiaHssor.
1967 1392 2079 1432 bavo·

1128 1440 1321 1477 ce.Got0fr.
1333 1442 1374 1478 in
1393 1440 1571 1478 Archont.
1588 1441 1696 1489 Cof'm.
1707 1450 1812 1491 part.
1830 1446 1858 1478 I.
1893 1455 1917 1478 a
1943 1468 1953 1479 .
1965 1442 2078 1487 661.)

1128 1490 1266 1526 Nobilis
1278 1491 1350 1526 haec
1363 1491 1456 1527 Urbs
1466 1490 1551 1527 vero
1562 1493 1670 1526 Anno
1686 1491 1726 1527 M
1736 1491 1770 1527 D
1779 1490 1812 1526 C
1822 1452 1896 1527 L}
1910 1454 2002 1529 511.
2020 1490 2078 1526 die

1129 1540 1286 1576 XXVII.
1303 1539 1425 1576 Martii
1444 1539 1529 1588 Styli
1545 1540 1688 1584 veteris,
1706 1549 1806 1576 terrae
1817 1551 1921 1577 motu
1937 1538 2079 1590 penitus

1128 1589 1370 1638 conquassata,
1390 1590 1426 1625 vi
1441 1599 1638 1626 ventorum
1655 1590 1811 1626 excitato
1827 1592 1908 1639 igne
1923 1590 1960 1626 in
1985 1589 2078 1626 cine-

1125 1650 1181 1675 res
1198 1638 1334 1675 redacta
1349 1665 1358 1679 ,
1380 1638 1413 1675 &
1431 1639 1529 1685 juxta
1549 1638 1631 1675 alias
1649 1639 1754 1676 urbes
1773 1639 1875 1688 plane
1893 1640 2009 1675 diruta
2024 1638 2078 1675 fu-

1126 1689 1173 1729 it,
1189 1689 1258 1736 qua
1276 1689 1332 1724 sua
1349 1689 1453 1725 ruina
1468 1701 1614 1737 quoque
1624 1688 1694 1724 Dn.
1705 1688 1903 1737 Georgium
1916 1687 2075 1731 Croock‚

1128 1737 1310 1774 Ordinum
1328 1737 1504 1774 Foederati
1522 1737 1631 1787 Belgii
1648 1738 1692 1774 ad
1706 1748 1848 1786 portam
1873 1737 2078 1775 Ottomani-

1125 1798 1203 1823 carn
1223 1787 1361 1823 miffurn
1381 1786 1605 1824 Residentem
1628 1811 1638 1830 ‚
1664 1796 1707 1824 ut
1721 1797 1870 1830 vocant,
1891 1799 1978 1824 cum
1990 1797 2078 1823 uxo-

1124 1847 1162 1872 re
1186 1836 1243 1873 iiia
1266 1836 1444 1886 filiolaq‘ue
1461 1862 1471 1875 ‚
1496 1837 1632 1886 virgine
1666 1838 1833 1897 quapiam
1861 1837 1896 1872 &
1926 1835 2051 1873 ancilla
2067 1860 2079 1878 ,

1123 1883 1301 1922 Pastorem
1318 1887 1518 1922 animarum
1543 1912 1553 1925 ,
1584 1885 1738 1935 aliasque
1765 1887 1827 1936 qui
1858 1885 1918 1922 sub
1943 1885 1975 1922 la
1999 1884 2079 1922 idea

1125 1935 1222 1972 mole
1239 1935 1362 1971 misere
1384 1935 1520 1984 periere
1535 1961 1545 1978 ‚
1571 1935 1722 1972 involvit
1745 1962 1755 1974 ,
1786 1936 1948 1972 Domino
1997 1946 2075 1973 aco-

1123 1985 1171 2020 bo
1187 1984 1206 2020 ὲι
1231 1985 1375 2028 Damm,
1385 1985 1581 2021 eorundem
1605 1984 1786 2021 Ordinum
1817 1985 1861 2021 ad
1890 1986 2078 2032 Smyrnen-

1125 2034 1174 2070 les
1197 2032 1358 2082 ablegato
1384 2033 1543 2070 Consule
1561 2059 1572 2076 ‚
1611 2034 1706 2083 (qui
1734 2035 1770 2069 in
1796 2034 1920 2071 iisdem
1945 2034 2079 2069 aedibus

1125 2084 1413 2120 commorabatur
1434 2086 1453 2129 )
1483 2083 1656 2119 incolumi
1681 2083 1816 2120 relieio.
1847 2084 1865 2128 (
1881 2083 1988 2119 Diar.
2007 2086 2078 2120 Eu-

1125 2142 1284 2182 ropaeum.
1297 2141 1409 2220 parte
1423 2136 1525 2169 XVII.
1533 2142 1618 2191 pag.
1629 2132 1808 2182 281JZ’qq.
1826 2132 2022 2169 Montanus
2038 2133 2080 2170 in

1124 2182 1298 2229 bescbrei
1329 2192 1411 2231 ung
1440 2182 1509 2227 oei}
1534 2183 1788 2230 Ronigteicbe
1809 2181 1963 2231 Japan.
1987 2191 2076 2232 pag.

1123 2240 1181 2272 28.
1190 2232 1209 2279 )
1218 2231 1389 2279 Cumque
1399 2230 1597 2267 reaedificari
1605 2232 1783 2279 inciperet,
1795 2232 1996 2268 Turcarum
2009 2231 2079 2266 Im·

1124 2290 1344 2330 peratorem‚
1360 2280 1680 2328 calamitate‚quam
1699 2280 1847 2328 perpeffi
1864 2280 1987 2316 incolae
2003 2279 2076 2315 fue-

1124 2339 1549 2372 rant3motum‚annuum
1560 2330 1749 2371 tributum,
1760 2341 1890 2377 nempe
1906 2329 1962 2365 sex
1979 2328 2077 2365 mille

1123 2389 1381 2417 coronatorum
1395 2379 1429 2413 in
1451 2378 1636 2413 biennium
1653 2378 1807 2426 Ragufiis
1824 2378 1983 2413 rernifisse
1999 2389 2076 2427 per-

1122 2429 1256 2465 hibent.
1276 2427 1384 2476 (Vide
1395 2428 1524 2465 Diart'i
1533 2429 1690 2478 Europaei
1696 2437 1847 2477 partem
1857 2431 1977 2465 XVIII.
1990 2437 2077 2477 pag.

1122 2481 1229 2526 ³38·)

1174 2564 1190 2608 (
1199 2562 1268 2609 84)
1295 2559 1491 2597 Duodecim
1499 2559 1617 2597 millia
1632 2555 1730 2606 ἀῶ]
1746 2559 1933 2595 Soranzius
1941 2558 1976 2595 d.
1983 2559 2056 2597 loco
2062 2584 2073 2603 ,

1121 2611 1284 2648 Diarium
1295 2611 1508 2659 Europaeum
1519 2637 1527 2649 ,
1538 2620 1576 2646 ut
1585 2611 1654 2656 jam
1663 2610 1810 2647 dietum,
1823 2609 1878 2644 sex
1887 2608 1994 2645 millia
2003 2608 2075 2645 Co-

1121 2670 1329 2696 ronatorum
1343 2660 1495 2707 pendere
1505 2660 1689 2708 Ragufiam
1707 2659 1834 2694 Turcae
1852 2659 1983 2704 scribit3
2000 2659 2074 2694 Au-

1121 2710 1205 2746 thor
1232 2712 1285 2750 bet
1317 2708 1559 2757 ffiesdnubung
1584 2708 1640 2756 bet}
1663 2704 1865 2754 ‘forcfiscben
1875 2706 2018 2749 &tants
2038 2716 2077 2747 zc-

1121 2769 1196 2808 cap.
1215 2772 1248 2802 3.
1265 2758 1433 2794 tredecim
1450 2757 1559 2793 millia
1575 2757 1842 2793 Coronatorum
1854 2757 1979 2803 habet3
1999 2755 2076 2792 Go-

1120 2808 1282 2845 tofredus
1298 2808 1339 2843 in
1351 2806 1526 2844 Archont.
1538 2805 1639 2853 Cos'm.
1645 2815 1733 2855 pag.
1746 2809 1820 2840 662.
1834 2804 2006 2840 summam
2016 2816 2074 2843 ex-

1120 2858 1235 2894 tendit
1245 2883 1255 2899 ‚
1270 2857 1362 2892 Urbs
1371 2856 1465 2900 haec,
1481 2853 2017 2905 inquiens,tueturlibertatem,
2032 2864 2075 2891 ut

1119 2907 1321 2943 Turcarum
1331 2906 1483 2954 Principi
1514 2904 1704 2952 quotannis
1730 2903 1828 2938 XIV.
1844 2902 1952 2938 millia
1969 2904 2073 2939 duca-

1120 2965 1242 2991 torum
1252 2955 1406 3003 pendere
1415 2954 1607 3002 cogatun&
1616 2952 1726 3001 prope
1736 2952 1946 2988 tantundem
1962 2954 1998 2988 in
2010 2953 2073 2988 do·

1121 3007 1236 3041 nativa
1254 3004 1446 3043 insumere,
1474 3003 1556 3038 cum
1569 3002 1712 3037 barbara
1728 3001 1785 3036 illa
1802 3013 1889 3049 gens
1906 3011 2072 3038 contenta

1119 3066 1193 3090 non
1204 3054 1242 3089 sit
1254 3064 1375 3088 annuo
1388 3052 1541 3093 tributo,
1558 3051 1617 3086 nisi
1634 3049 1787 3099 duplum
1805 3050 1961 3088 addatur,
1973 3052 2072 3100 quod

1144 3103 1246 3138 artim
1264 3101 1323 3150 ipfi
1338 3101 1522 3149 Tyranno,
1534 3101 1662 3148 partim
1680 3100 1755 3147 ejus
1780 3098 1992 3136 Confiliariis
2011 3111 2072 3136 au-

1117 3114 1264 3199 licisque
1281 3151 1443 3186 donetur.
1493 3149 1546 3185 Ex
1561 3161 1637 3198 quo
1685 3147 1813 3184 Incolae
1830 3147 1923 3185 illius
1945 3148 2017 3185 hoc
2033 3160 2069 3185 e·

1118 3201 1386 3237 molumentum
1410 3199 1553 3246 capiunt
1569 3224 1579 3241 ,
1597 3197 1695 3247 quod
1710 3197 1817 3233 libere
1840 3199 2069 3246 negotientur

1117 3262 1181 3298 per
1197 3260 1324 3285 omnes
1341 3248 1562 3284 Ottomanici
1586 3248 1727 3296 Imperii
1751 3247 1949 3295 provincias
1966 3248 2001 3284 &
2019 3258 2068 3282 re-

1116 3312 1203 3348 gna,
1221 3298 1254 3334 8<
1295 3297 1412 3333 uidem
1431 3296 1501 3332 sine
1525 3296 1754 3346 vestigalibus
1772 3306 1877 3344 atque
1892 3295 2067 3344 portoriis.

1118 3347 1261 3396 Gotofre
1286 3359 1329 3382 us
1345 3345 1447 3382 d.l0c.
1458 3355 1541 3396 pag.
1564 3350 1611 3381 66
1615 3358 1641 3392 3.
1662 3357 1763 3384 num,
1781 3357 1835 3380 11.
1853 3344 2065 3381 Notandum

1116 3395 1170 3432 vel
1183 3395 1336 3432 maxime
1346 3394 1517 3438 hocloco,
1525 3396 1620 3432 venit
1636 3395 1735 3444 quod
1745 3395 1789 3430 de
1798 3392 1942 3442 Ragufia
1951 3392 2066 3428 stribit

1116 3445 1299 3482 Dn.Briot
1318 3443 1350 3480 d.
1374 3443 1437 3480 loc.
1454 3454 1538 3494 pag.
1562 3449 1629 3480 162
1661 3439 1708 3484 ό*
1739 3443 1929 3485 163.hunc
1943 3442 1978 3476 in
1994 3441 2065 3477 sen-

1116 3494 1207 3530 sum:
1220 3493 1366 3542 Ragufia
1376 3492 1510 3541 stmper
1533 3494 1676 3530 consilio
1692 3492 1829 3540 potius,
1844 3491 1926 3526 curn
1944 3490 2065 3526 amici—

1115 3544 1202 3580 tiam
1212 3542 1422 3594 potentioris
1437 3542 1634 3593 cujuspiam
1650 3539 1862 3580 Protectoris
1877 3549 2062 3624 quaerezet.

1951 3598 1999 3637 qu
2024 3599 2062 3629 Π*
