<?xml version="1.0" encoding="UTF-8"?>
<!DOCTYPE html PUBLIC "-//W3C//DTD XHTML 1.0 Transitional//EN"
    "http://www.w3.org/TR/xhtml1/DTD/xhtml1-transitional.dtd">
<html xmlns="http://www.w3.org/1999/xhtml" xml:lang="en" lang="en">
 <head>
  <title>
</title>
<meta http-equiv="Content-Type" content="text/html;charset=utf-8" />
  <meta name='ocr-system' content='tesseract 3.04.00' />
  <meta name='ocr-capabilities' content='ocr_page ocr_carea ocr_par ocr_line ocrx_word'/>
</head>
<body>
  <div class='ocr_page' id='page_1' title='image "./casparisklockiit00kloc_0169.png"; bbox 0 0 2295 3872; ppageno 0'>
   <div class='ocr_carea' id='block_1_1' title="bbox 774 74 1496 137">
    <p class='ocr_par' dir='ltr' id='par_1_1' title="bbox 774 74 1496 137">
     <span class='ocr_line' id='line_1_1' title="bbox 774 74 1496 137; baseline -0.003 -14"><span class='ocrx_word' id='word_1_1' title='bbox 774 75 832 123; x_wconf 87' lang='lat' dir='ltr'>ad</span> <span class='ocrx_word' id='word_1_2' title='bbox 852 74 1044 122; x_wconf 87' lang='lat' dir='ltr'>Klockii</span> <span class='ocrx_word' id='word_1_3' title='bbox 1065 76 1193 122; x_wconf 88' lang='lat' dir='ltr'>Libri</span> <span class='ocrx_word' id='word_1_4' title='bbox 1216 79 1244 123; x_wconf 86' lang='lat' dir='ltr'>l.</span> <span class='ocrx_word' id='word_1_5' title='bbox 1265 79 1422 137; x_wconf 87' lang='lat' dir='ltr'>Caput</span> <span class='ocrx_word' id='word_1_6' title='bbox 1434 79 1496 127; x_wconf 71' lang='lat' dir='ltr'>V,</span> 
     </span>
    </p>
   </div>
   <div class='ocr_carea' id='block_1_2' title="bbox 147 152 1098 445">
    <p class='ocr_par' dir='ltr' id='par_1_2' title="bbox 147 152 1098 445">
     <span class='ocr_line' id='line_1_2' title="bbox 147 152 1096 206; baseline -0.006 -12"><span class='ocrx_word' id='word_1_7' title='bbox 147 156 312 206; x_wconf 80' lang='lat' dir='ltr'>Memphi</span> <span class='ocrx_word' id='word_1_8' title='bbox 331 155 400 193; x_wconf 82' lang='lat' dir='ltr'>five</span> <span class='ocrx_word' id='word_1_9' title='bbox 409 154 643 199; x_wconf 87' lang='lat' dir='ltr'>Cairihabet3</span> <span class='ocrx_word' id='word_1_10' title='bbox 661 152 696 189; x_wconf 72' lang='grc' dir='ltr'>δε</span> <span class='ocrx_word' id='word_1_11' title='bbox 712 152 1073 200; x_wconf 84' lang='lat' dir='ltr'>Hierosolymitanum</span> <span class='ocrx_word' id='word_1_12' title='bbox 1085 179 1096 191; x_wconf 89' lang='lat'><em>,</em></span> 
     </span>
     <span class='ocr_line' id='line_1_3' title="bbox 147 201 1098 255; baseline -0.007 -12"><span class='ocrx_word' id='word_1_13' title='bbox 147 208 210 255; x_wconf 91' lang='lat' dir='ltr'>qui</span> <span class='ocrx_word' id='word_1_14' title='bbox 235 205 532 243; x_wconf 84' lang='lat' dir='ltr'>monasteriorum</span> <span class='ocrx_word' id='word_1_15' title='bbox 551 216 613 253; x_wconf 93' lang='lat' dir='ltr'>per</span> <span class='ocrx_word' id='word_1_16' title='bbox 636 203 770 251; x_wconf 81' lang='lat' dir='ltr'>Syriam</span> <span class='ocrx_word' id='word_1_17' title='bbox 784 201 1014 250; x_wconf 83' lang='lat' dir='ltr'>dispersorum</span> <span class='ocrx_word' id='word_1_18' title='bbox 1035 213 1098 237; x_wconf 86' lang='lat' dir='ltr'>cu-</span> 
     </span>
     <span class='ocr_line' id='line_1_4' title="bbox 148 250 1098 305; baseline -0.006 -13"><span class='ocrx_word' id='word_1_19' title='bbox 148 268 225 293; x_wconf 90' lang='lat' dir='ltr'>ram</span> <span class='ocrx_word' id='word_1_20' title='bbox 243 256 351 305; x_wconf 85' lang='lat' dir='ltr'>gerit,</span> <span class='ocrx_word' id='word_1_21' title='bbox 366 254 400 291; x_wconf 70' lang='lat'>8(</span> <span class='ocrx_word' id='word_1_22' title='bbox 417 253 608 303; x_wconf 81' lang='lat' dir='ltr'>quotannis</span> <span class='ocrx_word' id='word_1_23' title='bbox 628 253 708 289; x_wconf 89' lang='lat' dir='ltr'>XV.</span> <span class='ocrx_word' id='word_1_24' title='bbox 740 250 887 300; x_wconf 86' lang='lat' dir='ltr'>Augusti</span> <span class='ocrx_word' id='word_1_25' title='bbox 911 252 948 286; x_wconf 89' lang='lat' dir='ltr'>in</span> <span class='ocrx_word' id='word_1_26' title='bbox 973 262 1098 286; x_wconf 85' lang='lat' dir='ltr'>mona-</span> 
     </span>
     <span class='ocr_line' id='line_1_5' title="bbox 149 299 1095 350; baseline -0.007 -9"><span class='ocrx_word' id='word_1_27' title='bbox 149 305 255 342; x_wconf 88' lang='lat' dir='ltr'>sterio</span> <span class='ocrx_word' id='word_1_28' title='bbox 275 304 407 341; x_wconf 89' lang='lat' dir='ltr'>Montis</span> <span class='ocrx_word' id='word_1_29' title='bbox 417 303 543 339; x_wconf 87' lang='lat' dir='ltr'>Libani</span> <span class='ocrx_word' id='word_1_30' title='bbox 552 304 653 339; x_wconf 82' lang='lat' dir='ltr'>Sacra</span> <span class='ocrx_word' id='word_1_31' title='bbox 660 303 800 350; x_wconf 75' lang='lat' dir='ltr'>peragit.</span> <span class='ocrx_word' id='word_1_32' title='bbox 809 301 880 336; x_wconf 86' lang='lat' dir='ltr'>Dn.</span> <span class='ocrx_word' id='word_1_33' title='bbox 891 299 1095 347; x_wconf 87' lang='lat' dir='ltr'>Christoph.</span> 
     </span>
     <span class='ocr_line' id='line_1_6' title="bbox 149 348 1096 400; baseline -0.003 -10"><span class='ocrx_word' id='word_1_34' title='bbox 149 355 258 391; x_wconf 82' lang='lat' dir='ltr'>Fiirer</span> <span class='ocrx_word' id='word_1_35' title='bbox 275 353 340 391; x_wconf 70' lang='lat' dir='ltr'>&amp;e</span> <span class='ocrx_word' id='word_1_36' title='bbox 349 366 392 391; x_wconf 84' lang='lat' dir='ltr'>m</span> <span class='ocrx_word' id='word_1_37' title='bbox 406 354 582 391; x_wconf 73' lang='lat' dir='ltr'>ltmerar.</span> <span class='ocrx_word' id='word_1_38' title='bbox 595 350 823 389; x_wconf 72' lang='lat' dir='ltr'>edit-Latina</span> <span class='ocrx_word' id='word_1_39' title='bbox 829 358 917 400; x_wconf 83' lang='lat' dir='ltr'>pag.</span> <span class='ocrx_word' id='word_1_40' title='bbox 927 352 986 393; x_wconf 84' lang='lat'>76.</span> <span class='ocrx_word' id='word_1_41' title='bbox 993 348 1096 387; x_wconf 75' lang='lat' dir='ltr'>Edit.</span> 
     </span>
     <span class='ocr_line' id='line_1_7' title="bbox 152 407 392 445; baseline -0.013 -3"><span class='ocrx_word' id='word_1_42' title='bbox 152 407 269 442; x_wconf 82' lang='lat' dir='ltr'>Germ.</span> <span class='ocrx_word' id='word_1_43' title='bbox 289 416 392 445; x_wconf 77' lang='lat'><em>1192.</em></span> 
     </span>
    </p>
   </div>
   <div class='ocr_carea' id='block_1_3' title="bbox 511 487 704 521">
    <p class='ocr_par' dir='ltr' id='par_1_3' title="bbox 511 487 704 521">
     <span class='ocr_line' id='line_1_8' title="bbox 511 487 704 521; baseline -0.026 0"><span class='ocrx_word' id='word_1_44' title='bbox 511 487 623 521; x_wconf 80' lang='lat' dir='ltr'>Num.</span> <span class='ocrx_word' id='word_1_45' title='bbox 645 493 704 518; x_wconf 67' lang='grc' dir='ltr'>ει.</span> 
     </span>
    </p>
   </div>
   <div class='ocr_carea' id='block_1_4' title="bbox 152 538 1115 2367">
    <p class='ocr_par' dir='ltr' id='par_1_4' title="bbox 152 538 1115 2354">
     <span class='ocr_line' id='line_1_9' title="bbox 205 538 1100 595; baseline -0.01 -9"><span class='ocrx_word' id='word_1_46' title='bbox 205 547 294 595; x_wconf 74' lang='grc'>(80)</span> <span class='ocrx_word' id='word_1_47' title='bbox 313 548 462 585; x_wconf 72' lang='lat' dir='ltr'>Nullam</span> <span class='ocrx_word' id='word_1_48' title='bbox 469 546 614 584; x_wconf 78' lang='lat' dir='ltr'><em>inducit</em></span> <span class='ocrx_word' id='word_1_49' title='bbox 621 542 884 594; x_wconf 63' lang='lat' dir='ltr'>sttbjedi‘ionem</span> <span class='ocrx_word' id='word_1_50' title='bbox 901 538 997 590; x_wconf 59' lang='grc' dir='ltr'>ἀτη]</span> <span class='ocrx_word' id='word_1_51' title='bbox 1005 540 1100 578; x_wconf 85' lang='lat' dir='ltr'>Vide</span> 
     </span>
     <span class='ocr_line' id='line_1_10' title="bbox 152 590 1101 642; baseline -0.007 -10"><span class='ocrx_word' id='word_1_52' title='bbox 152 596 406 633; x_wconf 84' lang='lat' dir='ltr'>Hortlederum</span> <span class='ocrx_word' id='word_1_53' title='bbox 419 605 484 637; x_wconf 72' lang='lat' dir='ltr'>von</span> <span class='ocrx_word' id='word_1_54' title='bbox 493 595 646 642; x_wconf 61' lang='lat' dir='ltr'>Ursadnn</span> <span class='ocrx_word' id='word_1_55' title='bbox 654 595 711 639; x_wconf 62' lang='lat' dir='ltr'>oni</span> <span class='ocrx_word' id='word_1_56' title='bbox 722 592 894 639; x_wconf 45' lang='lat' dir='ltr'>&amp;eutichen</span> <span class='ocrx_word' id='word_1_57' title='bbox 902 592 1025 639; x_wconf 60' lang='lat' dir='ltr'>stritus</span> <span class='ocrx_word' id='word_1_58' title='bbox 1035 590 1101 627; x_wconf 81' lang='lat' dir='ltr'>lib.</span> 
     </span>
     <span class='ocr_line' id='line_1_11' title="bbox 160 639 1100 695; baseline -0.007 -13"><span class='ocrx_word' id='word_1_59' title='bbox 160 661 185 682; x_wconf 82' lang='grc' dir='ltr'>ι.</span> <span class='ocrx_word' id='word_1_60' title='bbox 195 659 222 681; x_wconf 88' lang='lat' dir='ltr'>c.</span> <span class='ocrx_word' id='word_1_61' title='bbox 235 654 335 687; x_wconf 75' lang='lat' dir='ltr'>18.n.</span> <span class='ocrx_word' id='word_1_62' title='bbox 348 659 398 681; x_wconf 72' lang='grc' dir='ltr'>ιι.</span> <span class='ocrx_word' id='word_1_63' title='bbox 400 655 482 695; x_wconf 84' lang='lat' dir='ltr'>pag.</span> <span class='ocrx_word' id='word_1_64' title='bbox 493 653 550 685; x_wconf 74' lang='lat'>80·</span> <span class='ocrx_word' id='word_1_65' title='bbox 561 644 654 679; x_wconf 90' lang='lat' dir='ltr'>lnter</span> <span class='ocrx_word' id='word_1_66' title='bbox 663 641 829 678; x_wconf 81' lang='lat' dir='ltr'>articulos</span> <span class='ocrx_word' id='word_1_67' title='bbox 844 641 942 677; x_wconf 86' lang='lat' dir='ltr'>Pacis</span> <span class='ocrx_word' id='word_1_68' title='bbox 961 639 1100 677; x_wconf 87' lang='lat' dir='ltr'>Rudol·</span> 
     </span>
     <span class='ocr_line' id='line_1_12' title="bbox 152 690 1100 743; baseline -0.007 -12"><span class='ocrx_word' id='word_1_69' title='bbox 152 695 268 743; x_wconf 90' lang='lat' dir='ltr'>phum</span> <span class='ocrx_word' id='word_1_70' title='bbox 282 695 324 730; x_wconf 88' lang='lat'>11.</span> <span class='ocrx_word' id='word_1_71' title='bbox 342 694 508 730; x_wconf 64' lang='lat' dir='ltr'>Caefirrem</span> <span class='ocrx_word' id='word_1_72' title='bbox 519 692 653 728; x_wconf 87' lang='lat' dir='ltr'>inter&amp;</span> <span class='ocrx_word' id='word_1_73' title='bbox 667 691 884 727; x_wconf 87' lang='lat' dir='ltr'>Achmetem</span> <span class='ocrx_word' id='word_1_74' title='bbox 897 690 1100 726; x_wconf 76' lang='lat' dir='ltr'>Tur-carum</span> 
     </span>
     <span class='ocr_line' id='line_1_13' title="bbox 153 739 1102 792; baseline -0.007 -12"><span class='ocrx_word' id='word_1_75' title='bbox 153 744 408 792; x_wconf 86' lang='lat' dir='ltr'>Imperatorem</span> <span class='ocrx_word' id='word_1_76' title='bbox 432 745 541 778; x_wconf 85' lang='lat' dir='ltr'>Anno</span> <span class='ocrx_word' id='word_1_77' title='bbox 565 740 780 777; x_wconf 88' lang='lat' dir='ltr'><strong>MDCXVI.</strong></span> <span class='ocrx_word' id='word_1_78' title='bbox 792 739 918 789; x_wconf 83' lang='lat' dir='ltr'>viginti</span> <span class='ocrx_word' id='word_1_79' title='bbox 934 740 971 775; x_wconf 91' lang='lat' dir='ltr'>in</span> <span class='ocrx_word' id='word_1_80' title='bbox 989 749 1102 774; x_wconf 87' lang='lat' dir='ltr'>annos</span> 
     </span>
     <span class='ocr_line' id='line_1_14' title="bbox 155 788 1102 840; baseline -0.006 -12"><span class='ocrx_word' id='word_1_81' title='bbox 155 791 445 840; x_wconf 80' lang='lat' dir='ltr'>conclusae‚apud</span> <span class='ocrx_word' id='word_1_82' title='bbox 461 789 706 827; x_wconf 85' lang='lat' dir='ltr'>Isthuanffium</span> <span class='ocrx_word' id='word_1_83' title='bbox 717 788 865 836; x_wconf 74' lang='lat' dir='ltr'>Hist.l1·b.</span> <span class='ocrx_word' id='word_1_84' title='bbox 873 798 956 838; x_wconf 82' lang='lat' dir='ltr'>34.p</span> <span class='ocrx_word' id='word_1_85' title='bbox 1005 790 1102 828; x_wconf 80' lang='lat'><em>.846.</em></span> 
     </span>
     <span class='ocr_line' id='line_1_15' title="bbox 154 837 1103 889; baseline -0.006 -12"><span class='ocrx_word' id='word_1_86' title='bbox 154 842 321 889; x_wconf 89' lang='lat' dir='ltr'>reperitur</span> <span class='ocrx_word' id='word_1_87' title='bbox 336 840 369 876; x_wconf 71' lang='grc' dir='ltr'>ὅ(</span> <span class='ocrx_word' id='word_1_88' title='bbox 387 840 465 876; x_wconf 87' lang='lat' dir='ltr'>hic:</span> <span class='ocrx_word' id='word_1_89' title='bbox 496 839 650 888; x_wconf 85' lang='lat' dir='ltr'>Legatus</span> <span class='ocrx_word' id='word_1_90' title='bbox 673 838 850 876; x_wconf 82' lang='lat' dir='ltr'>Caesareus</span> <span class='ocrx_word' id='word_1_91' title='bbox 871 850 969 873; x_wconf 91' lang='lat' dir='ltr'>nunc</span> <span class='ocrx_word' id='word_1_92' title='bbox 1035 837 1103 872; x_wconf 86' lang='lat' dir='ltr'>tim</span> 
     </span>
     <span class='ocr_line' id='line_1_16' title="bbox 154 886 1103 937; baseline -0.005 -11"><span class='ocrx_word' id='word_1_93' title='bbox 154 889 285 926; x_wconf 87' lang='lat' dir='ltr'>deferat</span> <span class='ocrx_word' id='word_1_94' title='bbox 301 888 650 937; x_wconf 89' lang='lat' dir='ltr'>Constantinopolim</span> <span class='ocrx_word' id='word_1_95' title='bbox 667 887 838 925; x_wconf 86' lang='lat' dir='ltr'>Achmeti</span> <span class='ocrx_word' id='word_1_96' title='bbox 849 887 1002 935; x_wconf 86' lang='lat' dir='ltr'>Principi</span> <span class='ocrx_word' id='word_1_97' title='bbox 1013 886 1103 922; x_wconf 88' lang='lat' dir='ltr'>Tur-</span> 
     </span>
     <span class='ocr_line' id='line_1_17' title="bbox 154 934 1105 975; baseline -0.004 -1"><span class='ocrx_word' id='word_1_98' title='bbox 154 949 275 975; x_wconf 89' lang='lat' dir='ltr'>carum</span> <span class='ocrx_word' id='word_1_99' title='bbox 291 949 425 974; x_wconf 86' lang='lat' dir='ltr'>munus</span> <span class='ocrx_word' id='word_1_100' title='bbox 447 937 679 974; x_wconf 90' lang='lat' dir='ltr'>honorarium</span> <span class='ocrx_word' id='word_1_101' title='bbox 696 936 774 974; x_wconf 88' lang='lat' dir='ltr'>CC.</span> <span class='ocrx_word' id='word_1_102' title='bbox 793 935 947 974; x_wconf 88' lang='lat' dir='ltr'>millium</span> <span class='ocrx_word' id='word_1_103' title='bbox 975 934 1105 972; x_wconf 89' lang='lat' dir='ltr'>Thale·</span> 
     </span>
     <span class='ocr_line' id='line_1_18' title="bbox 153 985 1105 1036; baseline -0.005 -12"><span class='ocrx_word' id='word_1_104' title='bbox 153 998 277 1024; x_wconf 88' lang='lat' dir='ltr'>rorum</span> <span class='ocrx_word' id='word_1_105' title='bbox 294 1012 305 1030; x_wconf 90' lang='lat'>‚</span> <span class='ocrx_word' id='word_1_106' title='bbox 334 987 432 1034; x_wconf 82' lang='lat' dir='ltr'>juxta</span> <span class='ocrx_word' id='word_1_107' title='bbox 455 986 663 1036; x_wconf 77' lang='lat' dir='ltr'>promissum</span> <span class='ocrx_word' id='word_1_108' title='bbox 685 996 789 1023; x_wconf 85' lang='lat' dir='ltr'>antea</span> <span class='ocrx_word' id='word_1_109' title='bbox 821 985 956 1022; x_wconf 64' lang='lat' dir='ltr'>factum</span> <span class='ocrx_word' id='word_1_110' title='bbox 971 1010 982 1028; x_wconf 91' lang='lat'><em>,</em></span> <span class='ocrx_word' id='word_1_111' title='bbox 998 985 1105 1032; x_wconf 77' lang='lat' dir='ltr'>idque</span> 
     </span>
     <span class='ocr_line' id='line_1_19' title="bbox 152 1034 1104 1084; baseline -0.005 -11"><span class='ocrx_word' id='word_1_112' title='bbox 152 1036 220 1073; x_wconf 73' lang='lat' dir='ltr'>hac</span> <span class='ocrx_word' id='word_1_113' title='bbox 240 1035 354 1073; x_wconf 78' lang='lat' dir='ltr'>solum</span> <span class='ocrx_word' id='word_1_114' title='bbox 370 1036 476 1079; x_wconf 87' lang='lat' dir='ltr'>vice,</span> <span class='ocrx_word' id='word_1_115' title='bbox 516 1047 584 1073; x_wconf 83' lang='lat' dir='ltr'>nec</span> <span class='ocrx_word' id='word_1_116' title='bbox 628 1035 782 1084; x_wconf 75' lang='lat' dir='ltr'>amplius</span> <span class='ocrx_word' id='word_1_117' title='bbox 820 1034 899 1072; x_wconf 86' lang='lat' dir='ltr'>ullo</span> <span class='ocrx_word' id='word_1_118' title='bbox 930 1044 1104 1082; x_wconf 89' lang='lat' dir='ltr'>tempore.</span> 
     </span>
     <span class='ocr_line' id='line_1_20' title="bbox 154 1081 1105 1135; baseline -0.003 -14"><span class='ocrx_word' id='word_1_119' title='bbox 154 1086 311 1135; x_wconf 83' lang='lat' dir='ltr'>Qndo</span> <span class='ocrx_word' id='word_1_120' title='bbox 328 1086 356 1122; x_wconf 89' lang='lat' dir='ltr'>is</span> <span class='ocrx_word' id='word_1_121' title='bbox 372 1086 526 1134; x_wconf 84' lang='lat' dir='ltr'>Legatus</span> <span class='ocrx_word' id='word_1_122' title='bbox 541 1084 891 1133; x_wconf 84' lang='lat' dir='ltr'>Constantinopolim</span> <span class='ocrx_word' id='word_1_123' title='bbox 907 1084 952 1119; x_wconf 89' lang='lat' dir='ltr'>ad</span> <span class='ocrx_word' id='word_1_124' title='bbox 975 1081 1105 1120; x_wconf 80' lang='lat' dir='ltr'>confir-</span> 
     </span>
     <span class='ocr_line' id='line_1_21' title="bbox 153 1134 1107 1183; baseline -0.004 -12"><span class='ocrx_word' id='word_1_125' title='bbox 153 1135 320 1172; x_wconf 87' lang='lat' dir='ltr'>mandam</span> <span class='ocrx_word' id='word_1_126' title='bbox 336 1136 379 1171; x_wconf 92' lang='lat' dir='ltr'>ab</span> <span class='ocrx_word' id='word_1_127' title='bbox 402 1135 578 1172; x_wconf 90' lang='lat' dir='ltr'>Achmete</span> <span class='ocrx_word' id='word_1_128' title='bbox 594 1146 719 1183; x_wconf 86' lang='lat' dir='ltr'>pacem</span> <span class='ocrx_word' id='word_1_129' title='bbox 744 1134 903 1180; x_wconf 82' lang='lat' dir='ltr'>venerit;</span> <span class='ocrx_word' id='word_1_130' title='bbox 918 1134 1003 1169; x_wconf 89' lang='lat' dir='ltr'>inde</span> <span class='ocrx_word' id='word_1_131' title='bbox 1016 1142 1107 1181; x_wconf 89' lang='lat' dir='ltr'>quo-</span> 
     </span>
     <span class='ocr_line' id='line_1_22' title="bbox 153 1181 1107 1233; baseline -0.003 -13"><span class='ocrx_word' id='word_1_132' title='bbox 153 1195 224 1233; x_wconf 93' lang='lat' dir='ltr'>que</span> <span class='ocrx_word' id='word_1_133' title='bbox 261 1185 455 1222; x_wconf 82' lang='lat' dir='ltr'>Achmetes</span> <span class='ocrx_word' id='word_1_134' title='bbox 479 1184 601 1221; x_wconf 88' lang='lat' dir='ltr'>mittet</span> <span class='ocrx_word' id='word_1_135' title='bbox 635 1183 782 1232; x_wconf 87' lang='lat' dir='ltr'>Pragam</span> <span class='ocrx_word' id='word_1_136' title='bbox 808 1187 986 1232; x_wconf 85' lang='lat' dir='ltr'>Legatum</span> <span class='ocrx_word' id='word_1_137' title='bbox 1004 1181 1107 1217; x_wconf 89' lang='lat' dir='ltr'>suum</span> 
     </span>
     <span class='ocr_line' id='line_1_23' title="bbox 154 1229 1107 1279; baseline -0.007 -7"><span class='ocrx_word' id='word_1_138' title='bbox 154 1234 199 1272; x_wconf 80' lang='lat' dir='ltr'>ad</span> <span class='ocrx_word' id='word_1_139' title='bbox 225 1233 399 1271; x_wconf 74' lang='lat' dir='ltr'>Caesarem</span> <span class='ocrx_word' id='word_1_140' title='bbox 417 1259 428 1277; x_wconf 90' lang='lat'>‚</span> <span class='ocrx_word' id='word_1_141' title='bbox 471 1245 556 1270; x_wconf 89' lang='lat' dir='ltr'>curn</span> <span class='ocrx_word' id='word_1_142' title='bbox 583 1232 795 1269; x_wconf 88' lang='lat' dir='ltr'>muneribus</span> <span class='ocrx_word' id='word_1_143' title='bbox 825 1232 967 1279; x_wconf 80' lang='lat' dir='ltr'>majoris</span> <span class='ocrx_word' id='word_1_144' title='bbox 998 1229 1107 1279; x_wconf 70' lang='lat' dir='ltr'>quam</span> 
     </span>
     <span class='ocr_line' id='line_1_24' title="bbox 154 1282 1109 1331; baseline -0.004 -12"><span class='ocrx_word' id='word_1_145' title='bbox 154 1292 257 1319; x_wconf 84' lang='lat' dir='ltr'>antea</span> <span class='ocrx_word' id='word_1_146' title='bbox 282 1285 398 1331; x_wconf 86' lang='lat' dir='ltr'>pretii.</span> <span class='ocrx_word' id='word_1_147' title='bbox 447 1283 558 1319; x_wconf 88' lang='lat' dir='ltr'>Nunc</span> <span class='ocrx_word' id='word_1_148' title='bbox 588 1282 674 1319; x_wconf 75' lang='lat' dir='ltr'>verb</span> <span class='ocrx_word' id='word_1_149' title='bbox 704 1282 863 1318; x_wconf 90' lang='lat' dir='ltr'>Murates</span> <span class='ocrx_word' id='word_1_150' title='bbox 891 1289 1109 1330; x_wconf 88' lang='lat' dir='ltr'>purpuratus</span> 
     </span>
     <span class='ocr_line' id='line_1_25' title="bbox 155 1330 1109 1380; baseline -0.004 -12"><span class='ocrx_word' id='word_1_151' title='bbox 155 1331 190 1368; x_wconf 69' lang='grc' dir='ltr'>δί</span> <span class='ocrx_word' id='word_1_152' title='bbox 207 1333 365 1369; x_wconf 85' lang='lat' dir='ltr'>summus</span> <span class='ocrx_word' id='word_1_153' title='bbox 385 1332 558 1369; x_wconf 74' lang='lat' dir='ltr'>exercitus</span> <span class='ocrx_word' id='word_1_154' title='bbox 571 1330 889 1380; x_wconf 62' lang='lat' dir='ltr'>praefeetus‚quem</span> <span class='ocrx_word' id='word_1_155' title='bbox 905 1330 1109 1366; x_wconf 89' lang='lat' dir='ltr'>Serdarium</span> 
     </span>
     <span class='ocr_line' id='line_1_26' title="bbox 155 1379 1112 1430; baseline -0.005 -12"><span class='ocrx_word' id='word_1_156' title='bbox 155 1391 289 1419; x_wconf 76' lang='lat' dir='ltr'>vocant</span> <span class='ocrx_word' id='word_1_157' title='bbox 308 1408 318 1423; x_wconf 94' lang='lat'>‚</span> <span class='ocrx_word' id='word_1_158' title='bbox 336 1381 487 1430; x_wconf 82' lang='lat' dir='ltr'>Principi</span> <span class='ocrx_word' id='word_1_159' title='bbox 503 1381 667 1417; x_wconf 84' lang='lat' dir='ltr'>Matthiae</span> <span class='ocrx_word' id='word_1_160' title='bbox 683 1392 746 1429; x_wconf 90' lang='lat' dir='ltr'>per</span> <span class='ocrx_word' id='word_1_161' title='bbox 771 1381 918 1417; x_wconf 90' lang='lat' dir='ltr'>nuntios</span> <span class='ocrx_word' id='word_1_162' title='bbox 935 1379 1015 1415; x_wconf 88' lang='lat' dir='ltr'>suos</span> <span class='ocrx_word' id='word_1_163' title='bbox 1030 1389 1112 1414; x_wconf 88' lang='lat' dir='ltr'>mu-</span> 
     </span>
     <span class='ocr_line' id='line_1_27' title="bbox 155 1427 1112 1479; baseline -0.004 -12"><span class='ocrx_word' id='word_1_164' title='bbox 155 1442 241 1467; x_wconf 82' lang='lat' dir='ltr'>nera</span> <span class='ocrx_word' id='word_1_165' title='bbox 263 1431 378 1473; x_wconf 84' lang='lat' dir='ltr'>dabit,</span> <span class='ocrx_word' id='word_1_166' title='bbox 394 1431 597 1479; x_wconf 86' lang='lat' dir='ltr'>&amp;accipiet.</span> <span class='ocrx_word' id='word_1_167' title='bbox 646 1430 744 1466; x_wconf 69' lang='lat' dir='ltr'>Cum</span> <span class='ocrx_word' id='word_1_168' title='bbox 766 1441 903 1467; x_wconf 91' lang='lat' dir='ltr'>munus</span> <span class='ocrx_word' id='word_1_169' title='bbox 925 1427 1112 1465; x_wconf 87' lang='lat' dir='ltr'>honorari-</span> 
     </span>
     <span class='ocr_line' id='line_1_28' title="bbox 155 1478 1112 1528; baseline -0.004 -12"><span class='ocrx_word' id='word_1_170' title='bbox 155 1491 223 1516; x_wconf 76' lang='lat' dir='ltr'>um</span> <span class='ocrx_word' id='word_1_171' title='bbox 248 1480 454 1528; x_wconf 83' lang='lat' dir='ltr'>Byzantium</span> <span class='ocrx_word' id='word_1_172' title='bbox 477 1480 673 1516; x_wconf 86' lang='lat' dir='ltr'>adferetur,</span> <span class='ocrx_word' id='word_1_173' title='bbox 699 1478 818 1527; x_wconf 85' lang='lat' dir='ltr'>postea</span> <span class='ocrx_word' id='word_1_174' title='bbox 843 1490 905 1528; x_wconf 91' lang='lat' dir='ltr'>per</span> <span class='ocrx_word' id='word_1_175' title='bbox 927 1478 1112 1526; x_wconf 87' lang='lat' dir='ltr'>integrum</span> 
     </span>
     <span class='ocr_line' id='line_1_29' title="bbox 156 1526 1113 1577; baseline -0.003 -12"><span class='ocrx_word' id='word_1_176' title='bbox 156 1529 350 1565; x_wconf 80' lang='lat' dir='ltr'>triennium</span> <span class='ocrx_word' id='word_1_177' title='bbox 373 1529 392 1565; x_wconf 75' lang='lat' dir='ltr'>a</span> <span class='ocrx_word' id='word_1_178' title='bbox 414 1529 598 1566; x_wconf 87' lang='lat' dir='ltr'>mittendis</span> <span class='ocrx_word' id='word_1_179' title='bbox 624 1527 757 1564; x_wconf 73' lang='lat' dir='ltr'>mutuo</span> <span class='ocrx_word' id='word_1_180' title='bbox 779 1527 901 1577; x_wconf 85' lang='lat' dir='ltr'>legatis</span> <span class='ocrx_word' id='word_1_181' title='bbox 923 1526 958 1563; x_wconf 87' lang='lat'>&amp;</span> <span class='ocrx_word' id='word_1_182' title='bbox 984 1538 1113 1563; x_wconf 87' lang='lat' dir='ltr'>mune-</span> 
     </span>
     <span class='ocr_line' id='line_1_30' title="bbox 155 1577 1114 1626; baseline -0.004 -11"><span class='ocrx_word' id='word_1_183' title='bbox 155 1578 256 1615; x_wconf 81' lang='lat' dir='ltr'>ribus</span> <span class='ocrx_word' id='word_1_184' title='bbox 273 1577 460 1615; x_wconf 71' lang='lat' dir='ltr'>ceffabiur</span> <span class='ocrx_word' id='word_1_185' title='bbox 476 1591 487 1614; x_wconf 74' lang='grc' dir='ltr'><strong><em>ε</em></strong></span> <span class='ocrx_word' id='word_1_186' title='bbox 512 1578 628 1626; x_wconf 83' lang='lat' dir='ltr'>elapso</span> <span class='ocrx_word' id='word_1_187' title='bbox 644 1587 765 1614; x_wconf 89' lang='lat' dir='ltr'>autem</span> <span class='ocrx_word' id='word_1_188' title='bbox 781 1577 939 1614; x_wconf 87' lang='lat' dir='ltr'>triennio</span> <span class='ocrx_word' id='word_1_189' title='bbox 955 1599 967 1617; x_wconf 90' lang='lat'>‚</span> <span class='ocrx_word' id='word_1_190' title='bbox 995 1577 1114 1612; x_wconf 86' lang='lat' dir='ltr'>mittet</span> 
     </span>
     <span class='ocr_line' id='line_1_31' title="bbox 155 1624 1115 1677; baseline -0.004 -12"><span class='ocrx_word' id='word_1_191' title='bbox 155 1638 310 1677; x_wconf 85' lang='lat' dir='ltr'>uterque</span> <span class='ocrx_word' id='word_1_192' title='bbox 333 1630 524 1676; x_wconf 74' lang='lat' dir='ltr'>imperator</span> <span class='ocrx_word' id='word_1_193' title='bbox 551 1628 719 1670; x_wconf 88' lang='lat' dir='ltr'>invicem,</span> <span class='ocrx_word' id='word_1_194' title='bbox 735 1626 870 1676; x_wconf 81' lang='lat' dir='ltr'>absque</span> <span class='ocrx_word' id='word_1_195' title='bbox 885 1624 1115 1674; x_wconf 77' lang='lat' dir='ltr'>obligatione,</span> 
     </span>
     <span class='ocr_line' id='line_1_32' title="bbox 159 1676 1115 1724; baseline -0.004 -10"><span class='ocrx_word' id='word_1_196' title='bbox 159 1677 194 1714; x_wconf 84' lang='lat'>&amp;</span> <span class='ocrx_word' id='word_1_197' title='bbox 211 1678 379 1716; x_wconf 82' lang='lat' dir='ltr'>nomine,</span> <span class='ocrx_word' id='word_1_198' title='bbox 413 1676 471 1714; x_wconf 87' lang='lat' dir='ltr'>vel</span> <span class='ocrx_word' id='word_1_199' title='bbox 496 1687 649 1714; x_wconf 89' lang='lat' dir='ltr'>numero</span> <span class='ocrx_word' id='word_1_200' title='bbox 663 1701 675 1718; x_wconf 92' lang='lat'><strong>,</strong></span> <span class='ocrx_word' id='word_1_201' title='bbox 695 1687 848 1712; x_wconf 87' lang='lat' dir='ltr'>munera</span> <span class='ocrx_word' id='word_1_202' title='bbox 862 1686 929 1724; x_wconf 88' lang='lat' dir='ltr'>pro</span> <span class='ocrx_word' id='word_1_203' title='bbox 952 1677 1016 1711; x_wconf 79' lang='lat' dir='ltr'>luo</span> <span class='ocrx_word' id='word_1_204' title='bbox 1036 1677 1115 1724; x_wconf 89' lang='lat' dir='ltr'>qui-</span> 
     </span>
     <span class='ocr_line' id='line_1_33' title="bbox 155 1722 1114 1775; baseline -0.003 -12"><span class='ocrx_word' id='word_1_205' title='bbox 155 1725 243 1763; x_wconf 84' lang='lat' dir='ltr'>libet</span> <span class='ocrx_word' id='word_1_206' title='bbox 268 1727 415 1763; x_wconf 84' lang='lat' dir='ltr'>arbitrio</span> <span class='ocrx_word' id='word_1_207' title='bbox 438 1738 500 1775; x_wconf 88' lang='lat' dir='ltr'>per</span> <span class='ocrx_word' id='word_1_208' title='bbox 523 1726 690 1762; x_wconf 87' lang='lat' dir='ltr'>homines</span> <span class='ocrx_word' id='word_1_209' title='bbox 715 1726 900 1774; x_wconf 80' lang='lat' dir='ltr'>utrimque</span> <span class='ocrx_word' id='word_1_210' title='bbox 923 1723 1051 1774; x_wconf 89' lang='lat' dir='ltr'>dignos</span> <span class='ocrx_word' id='word_1_211' title='bbox 1079 1722 1114 1759; x_wconf 68' lang='grc' dir='ltr'>ὃ(</span> 
     </span>
     <span class='ocr_line' id='line_1_34' title="bbox 155 1772 1113 1822; baseline -0.005 -9"><span class='ocrx_word' id='word_1_212' title='bbox 155 1776 394 1813; x_wconf 87' lang='lat' dir='ltr'>condecentes</span> <span class='ocrx_word' id='word_1_213' title='bbox 416 1775 483 1813; x_wconf 63' lang='lat' dir='ltr'>&amp;a</span> <span class='ocrx_word' id='word_1_214' title='bbox 524 1776 674 1818; x_wconf 68' lang='lat' dir='ltr'>Sive‚ut</span> <span class='ocrx_word' id='word_1_215' title='bbox 697 1775 867 1811; x_wconf 86' lang='lat' dir='ltr'>articulus</span> <span class='ocrx_word' id='word_1_216' title='bbox 890 1773 959 1812; x_wconf 82' lang='lat' dir='ltr'>ille,</span> <span class='ocrx_word' id='word_1_217' title='bbox 978 1774 1041 1822; x_wconf 91' lang='lat' dir='ltr'>qui</span> <span class='ocrx_word' id='word_1_218' title='bbox 1064 1772 1113 1809; x_wconf 87' lang='lat' dir='ltr'>est</span> 
     </span>
     <span class='ocr_line' id='line_1_35' title="bbox 155 1822 1110 1874; baseline -0.004 -11"><span class='ocrx_word' id='word_1_219' title='bbox 155 1825 195 1863; x_wconf 88' lang='lat' dir='ltr'>in</span> <span class='ocrx_word' id='word_1_220' title='bbox 211 1836 384 1868; x_wconf 88' lang='lat' dir='ltr'>numero,</span> <span class='ocrx_word' id='word_1_221' title='bbox 411 1834 518 1874; x_wconf 88' lang='lat' dir='ltr'>prout</span> <span class='ocrx_word' id='word_1_222' title='bbox 532 1825 682 1863; x_wconf 83' lang='lat' dir='ltr'>Viennae</span> <span class='ocrx_word' id='word_1_223' title='bbox 698 1824 846 1860; x_wconf 84' lang='lat' dir='ltr'>Austriae</span> <span class='ocrx_word' id='word_1_224' title='bbox 869 1822 1016 1872; x_wconf 86' lang='lat' dir='ltr'>expreffi</span> <span class='ocrx_word' id='word_1_225' title='bbox 1031 1823 1110 1859; x_wconf 87' lang='lat' dir='ltr'>arti-</span> 
     </span>
     <span class='ocr_line' id='line_1_36' title="bbox 157 1873 1109 1917; baseline -0.002 -5"><span class='ocrx_word' id='word_1_226' title='bbox 157 1874 229 1912; x_wconf 81' lang='lat' dir='ltr'>culi</span> <span class='ocrx_word' id='word_1_227' title='bbox 254 1874 323 1913; x_wconf 82' lang='lat' dir='ltr'>illi,</span> <span class='ocrx_word' id='word_1_228' title='bbox 341 1875 525 1917; x_wconf 86' lang='lat' dir='ltr'>decimus,</span> <span class='ocrx_word' id='word_1_229' title='bbox 544 1874 589 1911; x_wconf 91' lang='lat' dir='ltr'>de</span> <span class='ocrx_word' id='word_1_230' title='bbox 613 1873 726 1910; x_wconf 89' lang='lat' dir='ltr'>verbo</span> <span class='ocrx_word' id='word_1_231' title='bbox 751 1874 796 1909; x_wconf 91' lang='lat' dir='ltr'>ad</span> <span class='ocrx_word' id='word_1_232' title='bbox 821 1873 971 1910; x_wconf 90' lang='lat' dir='ltr'>verbum</span> <span class='ocrx_word' id='word_1_233' title='bbox 996 1873 1109 1910; x_wconf 78' lang='lat' dir='ltr'>sonat.</span> 
     </span>
     <span class='ocr_line' id='line_1_37' title="bbox 158 1922 1111 1973; baseline -0.002 -13"><span class='ocrx_word' id='word_1_234' title='bbox 158 1923 211 1960; x_wconf 86' lang='lat' dir='ltr'>Ut</span> <span class='ocrx_word' id='word_1_235' title='bbox 230 1934 275 1960; x_wconf 87' lang='lat' dir='ltr'>ex</span> <span class='ocrx_word' id='word_1_236' title='bbox 296 1922 411 1960; x_wconf 88' lang='lat' dir='ltr'>nostra</span> <span class='ocrx_word' id='word_1_237' title='bbox 428 1932 527 1973; x_wconf 86' lang='lat' dir='ltr'>parte</span> <span class='ocrx_word' id='word_1_238' title='bbox 543 1949 556 1968; x_wconf 90' lang='lat'>‚</span> <span class='ocrx_word' id='word_1_239' title='bbox 578 1924 741 1961; x_wconf 84' lang='lat' dir='ltr'>mittatur</span> <span class='ocrx_word' id='word_1_240' title='bbox 749 1923 902 1971; x_wconf 85' lang='lat' dir='ltr'>Legatus</span> <span class='ocrx_word' id='word_1_241' title='bbox 926 1934 1012 1959; x_wconf 90' lang='lat' dir='ltr'>cum</span> <span class='ocrx_word' id='word_1_242' title='bbox 1029 1934 1111 1958; x_wconf 88' lang='lat' dir='ltr'>mu-</span> 
     </span>
     <span class='ocr_line' id='line_1_38' title="bbox 159 1971 1113 2022; baseline -0.003 -12"><span class='ocrx_word' id='word_1_243' title='bbox 159 1973 304 2012; x_wconf 84' lang='lat' dir='ltr'>neribus</span> <span class='ocrx_word' id='word_1_244' title='bbox 316 1973 360 2008; x_wconf 90' lang='lat' dir='ltr'>ad</span> <span class='ocrx_word' id='word_1_245' title='bbox 381 1973 638 2022; x_wconf 72' lang='lat' dir='ltr'>Imperatorem</span> <span class='ocrx_word' id='word_1_246' title='bbox 647 1973 863 2010; x_wconf 86' lang='lat' dir='ltr'>Turcarum.</span> <span class='ocrx_word' id='word_1_247' title='bbox 913 1972 958 2008; x_wconf 89' lang='lat' dir='ltr'>Et</span> <span class='ocrx_word' id='word_1_248' title='bbox 973 1971 1113 2020; x_wconf 82' lang='lat' dir='ltr'>Magni-</span> 
     </span>
     <span class='ocr_line' id='line_1_39' title="bbox 159 2020 1106 2069; baseline -0.002 -11"><span class='ocrx_word' id='word_1_249' title='bbox 159 2020 251 2058; x_wconf 84' lang='lat' dir='ltr'>ficus</span> <span class='ocrx_word' id='word_1_250' title='bbox 280 2021 426 2059; x_wconf 86' lang='lat' dir='ltr'>Murath</span> <span class='ocrx_word' id='word_1_251' title='bbox 447 2021 540 2058; x_wconf 82' lang='lat' dir='ltr'>Bassa</span> <span class='ocrx_word' id='word_1_252' title='bbox 559 2021 696 2058; x_wconf 89' lang='lat' dir='ltr'>Zerdar</span> <span class='ocrx_word' id='word_1_253' title='bbox 724 2022 844 2058; x_wconf 84' lang='lat' dir='ltr'>mittat</span> <span class='ocrx_word' id='word_1_254' title='bbox 876 2021 980 2059; x_wconf 89' lang='lat' dir='ltr'>suum</span> <span class='ocrx_word' id='word_1_255' title='bbox 1003 2020 1106 2069; x_wconf 85' lang='lat' dir='ltr'>Lega-</span> 
     </span>
     <span class='ocr_line' id='line_1_40' title="bbox 160 2069 1112 2108; baseline -0.001 -1"><span class='ocrx_word' id='word_1_256' title='bbox 160 2080 241 2107; x_wconf 78' lang='lat' dir='ltr'>tum</span> <span class='ocrx_word' id='word_1_257' title='bbox 259 2071 303 2107; x_wconf 90' lang='lat' dir='ltr'>ad</span> <span class='ocrx_word' id='word_1_258' title='bbox 317 2071 476 2108; x_wconf 90' lang='lat' dir='ltr'>nostrum</span> <span class='ocrx_word' id='word_1_259' title='bbox 484 2069 748 2108; x_wconf 81' lang='lat' dir='ltr'>Sereniffimum</span> <span class='ocrx_word' id='word_1_260' title='bbox 763 2071 1006 2108; x_wconf 76' lang='lat' dir='ltr'>Archiducem</span> <span class='ocrx_word' id='word_1_261' title='bbox 1015 2070 1112 2106; x_wconf 87' lang='lat' dir='ltr'>Mat·</span> 
     </span>
     <span class='ocr_line' id='line_1_41' title="bbox 159 2119 1111 2170; baseline 0.001 -15"><span class='ocrx_word' id='word_1_262' title='bbox 159 2120 274 2156; x_wconf 89' lang='lat' dir='ltr'>thiam</span> <span class='ocrx_word' id='word_1_263' title='bbox 300 2131 384 2157; x_wconf 89' lang='lat' dir='ltr'>cum</span> <span class='ocrx_word' id='word_1_264' title='bbox 423 2121 641 2157; x_wconf 88' lang='lat' dir='ltr'>muneribus.</span> <span class='ocrx_word' id='word_1_265' title='bbox 690 2120 733 2156; x_wconf 89' lang='lat' dir='ltr'>Et</span> <span class='ocrx_word' id='word_1_266' title='bbox 757 2121 905 2170; x_wconf 82' lang='lat' dir='ltr'>quando</span> <span class='ocrx_word' id='word_1_267' title='bbox 921 2119 1029 2156; x_wconf 89' lang='lat' dir='ltr'>nostri</span> <span class='ocrx_word' id='word_1_268' title='bbox 1046 2119 1111 2156; x_wconf 84' lang='lat' dir='ltr'>Le-</span> 
     </span>
     <span class='ocr_line' id='line_1_42' title="bbox 160 2167 1112 2219; baseline 0 -13"><span class='ocrx_word' id='word_1_269' title='bbox 160 2170 235 2218; x_wconf 83' lang='lat' dir='ltr'>gati</span> <span class='ocrx_word' id='word_1_270' title='bbox 260 2169 608 2219; x_wconf 81' lang='lat' dir='ltr'>Constantinopolim</span> <span class='ocrx_word' id='word_1_271' title='bbox 636 2170 798 2206; x_wconf 90' lang='lat' dir='ltr'>venerint</span> <span class='ocrx_word' id='word_1_272' title='bbox 833 2170 879 2206; x_wconf 88' lang='lat' dir='ltr'>ad</span> <span class='ocrx_word' id='word_1_273' title='bbox 915 2167 1112 2206; x_wconf 86' lang='lat' dir='ltr'>ratificatio-</span> 
     </span>
     <span class='ocr_line' id='line_1_43' title="bbox 161 2218 1112 2268; baseline 0.001 -14"><span class='ocrx_word' id='word_1_274' title='bbox 161 2230 246 2255; x_wconf 89' lang='lat' dir='ltr'>nem</span> <span class='ocrx_word' id='word_1_275' title='bbox 264 2219 382 2263; x_wconf 85' lang='lat' dir='ltr'>Pacis,</span> <span class='ocrx_word' id='word_1_276' title='bbox 398 2218 482 2255; x_wconf 74' lang='lat' dir='ltr'>in&#39;de</span> <span class='ocrx_word' id='word_1_277' title='bbox 507 2229 655 2268; x_wconf 91' lang='lat' dir='ltr'>quoque</span> <span class='ocrx_word' id='word_1_278' title='bbox 680 2218 799 2255; x_wconf 83' lang='lat' dir='ltr'>mittat</span> <span class='ocrx_word' id='word_1_279' title='bbox 821 2219 1020 2256; x_wconf 88' lang='lat' dir='ltr'>Turcarum</span> <span class='ocrx_word' id='word_1_280' title='bbox 1041 2218 1112 2255; x_wconf 90' lang='lat' dir='ltr'>Im-</span> 
     </span>
     <span class='ocr_line' id='line_1_44' title="bbox 161 2268 1113 2354; baseline 0.002 -50"><span class='ocrx_word' id='word_1_281' title='bbox 161 2278 302 2354; x_wconf 69' lang='lat' dir='ltr'>perator</span> <span class='ocrx_word' id='word_1_282' title='bbox 319 2269 362 2304; x_wconf 87' lang='lat' dir='ltr'>ad</span> <span class='ocrx_word' id='word_1_283' title='bbox 380 2280 445 2305; x_wconf 86' lang='lat' dir='ltr'>nos</span> <span class='ocrx_word' id='word_1_284' title='bbox 453 2268 598 2318; x_wconf 87' lang='lat' dir='ltr'>Pragam</span> <span class='ocrx_word' id='word_1_285' title='bbox 616 2296 624 2311; x_wconf 88' lang='lat'><strong>‚</strong></span> <span class='ocrx_word' id='word_1_286' title='bbox 640 2279 724 2304; x_wconf 86' lang='lat' dir='ltr'>cum</span> <span class='ocrx_word' id='word_1_287' title='bbox 743 2268 938 2318; x_wconf 84' lang='lat' dir='ltr'>majoribus</span> <span class='ocrx_word' id='word_1_288' title='bbox 956 2269 1113 2306; x_wconf 80' lang='lat' dir='ltr'>muneri-</span> 
     </span>
    </p>

    <p class='ocr_par' dir='ltr' id='par_1_5' title="bbox 189 2317 744 2367">
     <span class='ocr_line' id='line_1_45' title="bbox 189 2317 744 2367; baseline -0.002 -13"><span class='ocrx_word' id='word_1_289' title='bbox 189 2329 247 2363; x_wconf 87' lang='lat' dir='ltr'>us,</span> <span class='ocrx_word' id='word_1_290' title='bbox 264 2317 372 2367; x_wconf 74' lang='lat' dir='ltr'>quam</span> <span class='ocrx_word' id='word_1_291' title='bbox 388 2328 492 2357; x_wconf 87' lang='lat' dir='ltr'>antea</span> <span class='ocrx_word' id='word_1_292' title='bbox 507 2327 581 2356; x_wconf 88' lang='lat' dir='ltr'>erat</span> <span class='ocrx_word' id='word_1_293' title='bbox 590 2317 744 2354; x_wconf 91' lang='lat' dir='ltr'>solitum.</span> 
     </span>
    </p>
   </div>
   <div class='ocr_carea' id='block_1_5' title="bbox 557 2410 752 2451">
    <p class='ocr_par' dir='ltr' id='par_1_6' title="bbox 557 2410 752 2451">
     <span class='ocr_line' id='line_1_46' title="bbox 557 2410 752 2451; baseline -0.005 -8"><span class='ocrx_word' id='word_1_294' title='bbox 557 2410 669 2444; x_wconf 84' lang='lat' dir='ltr'>Num.</span> <span class='ocrx_word' id='word_1_295' title='bbox 695 2419 752 2451; x_wconf 77' lang='lat'>²3·</span> 
     </span>
    </p>
   </div>
   <div class='ocr_carea' id='block_1_6' title="bbox 162 2487 1116 3571">
    <p class='ocr_par' dir='ltr' id='par_1_7' title="bbox 162 2487 1113 3060">
     <span class='ocr_line' id='line_1_47' title="bbox 212 2487 1113 2540; baseline 0.004 -16"><span class='ocrx_word' id='word_1_296' title='bbox 212 2491 298 2537; x_wconf 80' lang='lat'>(81)</span> <span class='ocrx_word' id='word_1_297' title='bbox 325 2487 630 2538; x_wconf 80' lang='lat' dir='ltr'>Waivvodaesive</span> <span class='ocrx_word' id='word_1_298' title='bbox 638 2494 814 2540; x_wconf 75' lang='lat' dir='ltr'>Principes</span> <span class='ocrx_word' id='word_1_299' title='bbox 836 2490 1045 2528; x_wconf 65' lang='lat' dir='ltr'>Waffachiae</span> <span class='ocrx_word' id='word_1_300' title='bbox 1065 2491 1113 2534; x_wconf 73' lang='grc' dir='ltr'>ό·</span> 
     </span>
     <span class='ocr_line' id='line_1_48' title="bbox 162 2535 1111 2580; baseline 0.004 -7"><span class='ocrx_word' id='word_1_301' title='bbox 162 2538 362 2577; x_wconf 76' lang='lat' dir='ltr'>Moldaviae</span> <span class='ocrx_word' id='word_1_302' title='bbox 372 2535 446 2580; x_wconf 64' lang='lat' dir='ltr'>&amp;a</span> <span class='ocrx_word' id='word_1_303' title='bbox 467 2538 642 2576; x_wconf 26' lang='lat' dir='ltr'>&#39;Primum</span> <span class='ocrx_word' id='word_1_304' title='bbox 663 2539 907 2577; x_wconf 87' lang='lat' dir='ltr'>Valachorum</span> <span class='ocrx_word' id='word_1_305' title='bbox 925 2553 1058 2577; x_wconf 88' lang='lat' dir='ltr'>nomen</span> <span class='ocrx_word' id='word_1_306' title='bbox 1074 2542 1111 2576; x_wconf 88' lang='lat' dir='ltr'>in</span> 
     </span>
     <span class='ocr_line' id='line_1_49' title="bbox 162 2587 1112 2640; baseline 0.001 -16"><span class='ocrx_word' id='word_1_307' title='bbox 162 2587 393 2637; x_wconf 80' lang='lat' dir='ltr'>ungarorum</span> <span class='ocrx_word' id='word_1_308' title='bbox 417 2587 569 2625; x_wconf 86' lang='lat' dir='ltr'>Historia</span> <span class='ocrx_word' id='word_1_309' title='bbox 593 2590 751 2639; x_wconf 83' lang='lat' dir='ltr'>reperio,</span> <span class='ocrx_word' id='word_1_310' title='bbox 775 2590 902 2640; x_wconf 78' lang='lat' dir='ltr'>inquit</span> <span class='ocrx_word' id='word_1_311' title='bbox 924 2593 1112 2627; x_wconf 86' lang='lat' dir='ltr'>Cromerus</span> 
     </span>
     <span class='ocr_line' id='line_1_50' title="bbox 162 2636 1109 2689; baseline 0 -15"><span class='ocrx_word' id='word_1_312' title='bbox 162 2636 207 2674; x_wconf 84' lang='lat' dir='ltr'>de</span> <span class='ocrx_word' id='word_1_313' title='bbox 235 2639 322 2688; x_wconf 81' lang='lat' dir='ltr'>orig.</span> <span class='ocrx_word' id='word_1_314' title='bbox 339 2639 386 2680; x_wconf 53' lang='grc' dir='ltr'>όν</span> <span class='ocrx_word' id='word_1_315' title='bbox 408 2636 515 2674; x_wconf 84' lang='lat' dir='ltr'>rebus</span> <span class='ocrx_word' id='word_1_316' title='bbox 536 2636 644 2689; x_wconf 80' lang='lat' dir='ltr'>gestis·</span> <span class='ocrx_word' id='word_1_317' title='bbox 660 2638 776 2676; x_wconf 86' lang='lat' dir='ltr'>Polon.</span> <span class='ocrx_word' id='word_1_318' title='bbox 800 2638 864 2676; x_wconf 82' lang='lat' dir='ltr'>lib.</span> <span class='ocrx_word' id='word_1_319' title='bbox 887 2652 937 2676; x_wconf 78' lang='lat'>12.</span> <span class='ocrx_word' id='word_1_320' title='bbox 955 2649 1007 2689; x_wconf 81' lang='lat' dir='ltr'>pa</span> <span class='ocrx_word' id='word_1_321' title='bbox 1033 2666 1041 2676; x_wconf 92' lang='lat'><strong>.</strong></span> <span class='ocrx_word' id='word_1_322' title='bbox 1060 2651 1109 2675; x_wconf 86' lang='lat' dir='ltr'>m.</span> 
     </span>
     <span class='ocr_line' id='line_1_51' title="bbox 167 2688 1111 2737; baseline 0.004 -16"><span class='ocrx_word' id='word_1_323' title='bbox 167 2689 248 2729; x_wconf 82' lang='lat'><em>607.</em></span> <span class='ocrx_word' id='word_1_324' title='bbox 264 2691 363 2724; x_wconf 75' lang='lat' dir='ltr'>circa</span> <span class='ocrx_word' id='word_1_325' title='bbox 392 2690 545 2723; x_wconf 82' lang='lat' dir='ltr'>Annum</span> <span class='ocrx_word' id='word_1_326' title='bbox 572 2696 673 2733; x_wconf 70' lang='lat'><em>1358.</em></span> <span class='ocrx_word' id='word_1_327' title='bbox 691 2689 884 2737; x_wconf 85' lang='lat' dir='ltr'>)tempore</span> <span class='ocrx_word' id='word_1_328' title='bbox 906 2688 1002 2725; x_wconf 89' lang='lat' dir='ltr'>Caro</span> <span class='ocrx_word' id='word_1_329' title='bbox 1018 2692 1028 2724; x_wconf 91' lang='lat' dir='ltr'>i</span> <span class='ocrx_word' id='word_1_330' title='bbox 1044 2688 1111 2724; x_wconf 84' lang='lat' dir='ltr'>Re-</span> 
     </span>
     <span class='ocr_line' id='line_1_52' title="bbox 165 2736 1111 2785; baseline 0.001 -13"><span class='ocrx_word' id='word_1_331' title='bbox 165 2736 218 2783; x_wconf 86' lang='lat' dir='ltr'>gis</span> <span class='ocrx_word' id='word_1_332' title='bbox 228 2760 238 2777; x_wconf 87' lang='lat'>‚</span> <span class='ocrx_word' id='word_1_333' title='bbox 252 2737 314 2785; x_wconf 88' lang='lat' dir='ltr'>qui</span> <span class='ocrx_word' id='word_1_334' title='bbox 330 2748 425 2773; x_wconf 89' lang='lat' dir='ltr'>anno</span> <span class='ocrx_word' id='word_1_335' title='bbox 440 2736 569 2772; x_wconf 86' lang='lat' dir='ltr'>Christi</span> <span class='ocrx_word' id='word_1_336' title='bbox 587 2736 773 2774; x_wconf 76' lang='lat' dir='ltr'>millesimo</span> <span class='ocrx_word' id='word_1_337' title='bbox 787 2738 1034 2775; x_wconf 83' lang='lat' dir='ltr'>trecentefimo</span> <span class='ocrx_word' id='word_1_338' title='bbox 1052 2738 1111 2773; x_wconf 91' lang='lat' dir='ltr'>tri-</span> 
     </span>
     <span class='ocr_line' id='line_1_53' title="bbox 166 2783 1110 2837; baseline 0.003 -17"><span class='ocrx_word' id='word_1_339' title='bbox 166 2783 295 2832; x_wconf 78' lang='lat' dir='ltr'>gefimo</span> <span class='ocrx_word' id='word_1_340' title='bbox 314 2795 435 2821; x_wconf 87' lang='lat' dir='ltr'>contra</span> <span class='ocrx_word' id='word_1_341' title='bbox 450 2786 664 2822; x_wconf 88' lang='lat' dir='ltr'>Bazaradum</span> <span class='ocrx_word' id='word_1_342' title='bbox 682 2786 924 2824; x_wconf 83' lang='lat' dir='ltr'>Valachorum</span> <span class='ocrx_word' id='word_1_343' title='bbox 944 2786 1110 2837; x_wconf 87' lang='lat' dir='ltr'>regulum</span> 
     </span>
     <span class='ocr_line' id='line_1_54' title="bbox 169 2833 1111 2880; baseline 0.005 -13"><span class='ocrx_word' id='word_1_344' title='bbox 169 2843 277 2880; x_wconf 91' lang='lat' dir='ltr'>quem</span> <span class='ocrx_word' id='word_1_345' title='bbox 292 2833 342 2870; x_wconf 89' lang='lat' dir='ltr'>illi</span> <span class='ocrx_word' id='word_1_346' title='bbox 363 2833 502 2871; x_wconf 83' lang='lat' dir='ltr'>Slavico</span> <span class='ocrx_word' id='word_1_347' title='bbox 532 2836 679 2872; x_wconf 89' lang='lat' dir='ltr'>nomine</span> <span class='ocrx_word' id='word_1_348' title='bbox 705 2836 929 2873; x_wconf 76' lang='lat' dir='ltr'>Vaievodam</span> <span class='ocrx_word' id='word_1_349' title='bbox 952 2846 1111 2878; x_wconf 87' lang='lat' dir='ltr'>vocant,</span> 
     </span>
     <span class='ocr_line' id='line_1_55' title="bbox 169 2879 1111 2930; baseline 0.006 -14"><span class='ocrx_word' id='word_1_350' title='bbox 169 2879 293 2919; x_wconf 80' lang='lat' dir='ltr'>Latine</span> <span class='ocrx_word' id='word_1_351' title='bbox 322 2882 536 2921; x_wconf 72' lang='lat' dir='ltr'>Palatinum</span> <span class='ocrx_word' id='word_1_352' title='bbox 562 2884 631 2921; x_wconf 92' lang='lat' dir='ltr'>dici</span> <span class='ocrx_word' id='word_1_353' title='bbox 652 2884 732 2921; x_wconf 81' lang='lat' dir='ltr'>usus</span> <span class='ocrx_word' id='word_1_354' title='bbox 762 2886 922 2922; x_wconf 90' lang='lat' dir='ltr'>obtinuit</span> <span class='ocrx_word' id='word_1_355' title='bbox 942 2912 955 2930; x_wconf 91' lang='lat'>‚</span> <span class='ocrx_word' id='word_1_356' title='bbox 976 2885 1111 2922; x_wconf 92' lang='lat' dir='ltr'>bellum</span> 
     </span>
     <span class='ocr_line' id='line_1_56' title="bbox 170 2929 1112 2985; baseline 0.006 -19"><span class='ocrx_word' id='word_1_357' title='bbox 170 2929 281 2985; x_wconf 78' lang='lat' dir='ltr'>gestit.</span> <span class='ocrx_word' id='word_1_358' title='bbox 353 2931 513 2969; x_wconf 87' lang='lat' dir='ltr'>Vocatur</span> <span class='ocrx_word' id='word_1_359' title='bbox 534 2935 644 2970; x_wconf 81' lang='lat' dir='ltr'>etiam</span> <span class='ocrx_word' id='word_1_360' title='bbox 668 2934 856 2975; x_wconf 87' lang='lat' dir='ltr'>Moldavia:</span> <span class='ocrx_word' id='word_1_361' title='bbox 873 2936 948 2973; x_wconf 86' lang='lat' dir='ltr'>haec</span> <span class='ocrx_word' id='word_1_362' title='bbox 973 2935 1043 2984; x_wconf 82' lang='lat' dir='ltr'>ipsa</span> <span class='ocrx_word' id='word_1_363' title='bbox 1061 2946 1112 2972; x_wconf 86' lang='lat' dir='ltr'>re·</span> 
     </span>
     <span class='ocr_line' id='line_1_57' title="bbox 171 2978 1112 3060; baseline 0.007 -46"><span class='ocrx_word' id='word_1_364' title='bbox 171 2988 232 3060; x_wconf 56' lang='lat'>{10</span> <span class='ocrx_word' id='word_1_365' title='bbox 252 3003 263 3021; x_wconf 89' lang='lat'><em>,</em></span> <span class='ocrx_word' id='word_1_366' title='bbox 286 2978 340 3036; x_wconf 73' lang='lat' dir='ltr'>sed</span> <span class='ocrx_word' id='word_1_367' title='bbox 362 2990 485 3018; x_wconf 89' lang='lat' dir='ltr'>utrum</span> <span class='ocrx_word' id='word_1_368' title='bbox 508 2982 527 3019; x_wconf 73' lang='lat' dir='ltr'>a</span> <span class='ocrx_word' id='word_1_369' title='bbox 548 2982 698 3020; x_wconf 84' lang='lat' dir='ltr'>flumine</span> <span class='ocrx_word' id='word_1_370' title='bbox 713 3010 722 3025; x_wconf 91' lang='lat'><strong>,</strong></span> <span class='ocrx_word' id='word_1_371' title='bbox 761 2996 806 3021; x_wconf 87' lang='lat' dir='ltr'>an</span> <span class='ocrx_word' id='word_1_372' title='bbox 833 2984 997 3027; x_wconf 87' lang='lat' dir='ltr'>aliunde,</span> <span class='ocrx_word' id='word_1_373' title='bbox 1023 2997 1112 3021; x_wconf 88' lang='lat' dir='ltr'>uon-</span> 
     </span>
    </p>

    <p class='ocr_par' dir='ltr' id='par_1_8' title="bbox 172 3025 1116 3571">
     <span class='ocr_line' id='line_1_58' title="bbox 199 3025 1113 3084; baseline 0.011 -23"><span class='ocrx_word' id='word_1_374' title='bbox 199 3038 259 3063; x_wconf 91' lang='lat' dir='ltr'>um</span> <span class='ocrx_word' id='word_1_375' title='bbox 273 3025 580 3079; x_wconf 75' lang='lat' dir='ltr'>satiscompertum</span> <span class='ocrx_word' id='word_1_376' title='bbox 597 3032 782 3070; x_wconf 89' lang='lat' dir='ltr'>habemus.</span> <span class='ocrx_word' id='word_1_377' title='bbox 831 3034 1017 3071; x_wconf 88' lang='lat' dir='ltr'>Posteriori</span> <span class='ocrx_word' id='word_1_378' title='bbox 1036 3034 1113 3084; x_wconf 75' lang='lat' dir='ltr'>qui-</span> 
     </span>
     <span class='ocr_line' id='line_1_59' title="bbox 173 3074 1113 3129; baseline 0.013 -20"><span class='ocrx_word' id='word_1_379' title='bbox 173 3074 257 3110; x_wconf 90' lang='lat' dir='ltr'>dem</span> <span class='ocrx_word' id='word_1_380' title='bbox 272 3084 430 3125; x_wconf 86' lang='lat' dir='ltr'>tempore</span> <span class='ocrx_word' id='word_1_381' title='bbox 457 3092 542 3129; x_wconf 81' lang='lat' dir='ltr'>gens</span> <span class='ocrx_word' id='word_1_382' title='bbox 571 3089 643 3119; x_wconf 85' lang='lat' dir='ltr'>una</span> <span class='ocrx_word' id='word_1_383' title='bbox 664 3082 699 3118; x_wconf 91' lang='lat' dir='ltr'>in</span> <span class='ocrx_word' id='word_1_384' title='bbox 723 3083 818 3120; x_wconf 93' lang='lat' dir='ltr'>duos</span> <span class='ocrx_word' id='word_1_385' title='bbox 841 3084 1046 3120; x_wconf 88' lang='lat' dir='ltr'>dominatus</span> <span class='ocrx_word' id='word_1_386' title='bbox 1066 3085 1113 3121; x_wconf 81' lang='lat' dir='ltr'>se-</span> 
     </span>
     <span class='ocr_line' id='line_1_60' title="bbox 172 3122 1113 3184; baseline 0.012 -25"><span class='ocrx_word' id='word_1_387' title='bbox 172 3122 230 3180; x_wconf 62' lang='lat' dir='ltr'>{ta</span> <span class='ocrx_word' id='word_1_388' title='bbox 246 3149 258 3167; x_wconf 91' lang='lat'>‚</span> <span class='ocrx_word' id='word_1_389' title='bbox 271 3127 483 3184; x_wconf 35' lang='lat' dir='ltr'>‘nomini-bus</span> <span class='ocrx_word' id='word_1_390' title='bbox 499 3142 643 3179; x_wconf 88' lang='lat' dir='ltr'>quoque</span> <span class='ocrx_word' id='word_1_391' title='bbox 667 3131 832 3182; x_wconf 88' lang='lat' dir='ltr'>distingui</span> <span class='ocrx_word' id='word_1_392' title='bbox 853 3134 962 3183; x_wconf 87' lang='lat' dir='ltr'>coepit</span> <span class='ocrx_word' id='word_1_393' title='bbox 975 3159 984 3176; x_wconf 95' lang='lat'>‚</span> <span class='ocrx_word' id='word_1_394' title='bbox 1009 3133 1053 3170; x_wconf 83' lang='lat' dir='ltr'>fic</span> <span class='ocrx_word' id='word_1_395' title='bbox 1071 3143 1113 3170; x_wconf 82' lang='lat' dir='ltr'>ut</span> 
     </span>
     <span class='ocr_line' id='line_1_61' title="bbox 173 3173 1112 3231; baseline 0.005 -17"><span class='ocrx_word' id='word_1_396' title='bbox 173 3184 281 3221; x_wconf 78' lang='lat' dir='ltr'>1¹‚qu1</span> <span class='ocrx_word' id='word_1_397' title='bbox 298 3173 340 3209; x_wconf 90' lang='lat' dir='ltr'>ad</span> <span class='ocrx_word' id='word_1_398' title='bbox 352 3174 540 3230; x_wconf 62' lang='lat' dir='ltr'>prientem</span> <span class='ocrx_word' id='word_1_399' title='bbox 554 3179 588 3216; x_wconf 86' lang='lat'>&amp;</span> <span class='ocrx_word' id='word_1_400' title='bbox 615 3181 904 3230; x_wconf 84' lang='lat' dir='ltr'>Septentrionem</span> <span class='ocrx_word' id='word_1_401' title='bbox 932 3193 1090 3231; x_wconf 89' lang='lat' dir='ltr'>vergunt</span> <span class='ocrx_word' id='word_1_402' title='bbox 1101 3208 1112 3226; x_wconf 86' lang='lat'>,</span> 
     </span>
     <span class='ocr_line' id='line_1_62' title="bbox 173 3221 1112 3279; baseline 0.012 -21"><span class='ocrx_word' id='word_1_403' title='bbox 173 3221 208 3258; x_wconf 85' lang='lat'>&amp;</span> <span class='ocrx_word' id='word_1_404' title='bbox 230 3221 390 3279; x_wconf 73' lang='lat' dir='ltr'>Podoliae</span> <span class='ocrx_word' id='word_1_405' title='bbox 416 3224 553 3264; x_wconf 85' lang='lat' dir='ltr'>finitimi</span> <span class='ocrx_word' id='word_1_406' title='bbox 578 3230 657 3266; x_wconf 88' lang='lat' dir='ltr'>sunt</span> <span class='ocrx_word' id='word_1_407' title='bbox 676 3256 686 3274; x_wconf 73' lang='lat' dir='ltr'>r</span> <span class='ocrx_word' id='word_1_408' title='bbox 712 3231 951 3269; x_wconf 87' lang='lat' dir='ltr'>Valachorum</span> <span class='ocrx_word' id='word_1_409' title='bbox 976 3244 1112 3269; x_wconf 90' lang='lat' dir='ltr'>nomen</span> 
     </span>
     <span class='ocr_line' id='line_1_63' title="bbox 173 3276 1114 3331; baseline 0.012 -24"><span class='ocrx_word' id='word_1_410' title='bbox 173 3279 350 3328; x_wconf 74' lang='lat' dir='ltr'>retineant</span> <span class='ocrx_word' id='word_1_411' title='bbox 371 3284 381 3306; x_wconf 74' lang='lat' dir='ltr'>t</span> <span class='ocrx_word' id='word_1_412' title='bbox 418 3276 480 3323; x_wconf 88' lang='lat' dir='ltr'>qui</span> <span class='ocrx_word' id='word_1_413' title='bbox 499 3276 587 3314; x_wconf 76' lang='lat' dir='ltr'>verb</span> <span class='ocrx_word' id='word_1_414' title='bbox 612 3279 840 3318; x_wconf 88' lang='lat' dir='ltr'>meridionale</span> <span class='ocrx_word' id='word_1_415' title='bbox 861 3281 1114 3331; x_wconf 86' lang='lat' dir='ltr'>Transylvaniae</span> 
     </span>
     <span class='ocr_line' id='line_1_64' title="bbox 173 3318 1114 3378; baseline 0.015 -24"><span class='ocrx_word' id='word_1_416' title='bbox 173 3318 265 3356; x_wconf 90' lang='lat' dir='ltr'>latus</span> <span class='ocrx_word' id='word_1_417' title='bbox 281 3329 477 3377; x_wconf 66' lang='lat' dir='ltr'>affingunt,</span> <span class='ocrx_word' id='word_1_418' title='bbox 505 3324 656 3364; x_wconf 86' lang='lat' dir='ltr'>Multani</span> <span class='ocrx_word' id='word_1_419' title='bbox 678 3329 699 3365; x_wconf 68' lang='lat' dir='ltr'>a</span> <span class='ocrx_word' id='word_1_420' title='bbox 725 3330 849 3368; x_wconf 86' lang='lat' dir='ltr'>nostris</span> <span class='ocrx_word' id='word_1_421' title='bbox 862 3356 874 3374; x_wconf 85' lang='lat'>,</span> <span class='ocrx_word' id='word_1_422' title='bbox 889 3332 1050 3378; x_wconf 74' lang='lat' dir='ltr'>(Polonis</span> <span class='ocrx_word' id='word_1_423' title='bbox 1066 3334 1079 3378; x_wconf 92' lang='lat'>)</span> <span class='ocrx_word' id='word_1_424' title='bbox 1093 3332 1114 3368; x_wconf 67' lang='lat' dir='ltr'>a</span> 
     </span>
     <span class='ocr_line' id='line_1_65' title="bbox 173 3369 1115 3426; baseline 0.014 -22"><span class='ocrx_word' id='word_1_425' title='bbox 173 3379 309 3426; x_wconf 75' lang='lat' dir='ltr'>caeteris</span> <span class='ocrx_word' id='word_1_426' title='bbox 329 3369 413 3407; x_wconf 71' lang='lat' dir='ltr'>vero</span> <span class='ocrx_word' id='word_1_427' title='bbox 435 3371 756 3424; x_wconf 82' lang='lat' dir='ltr'>Transalpinenses‚</span> <span class='ocrx_word' id='word_1_428' title='bbox 783 3379 932 3417; x_wconf 90' lang='lat' dir='ltr'>Moltavi</span> <span class='ocrx_word' id='word_1_429' title='bbox 956 3381 990 3417; x_wconf 69' lang='grc' dir='ltr'>ἃ</span> <span class='ocrx_word' id='word_1_430' title='bbox 1013 3380 1115 3419; x_wconf 90' lang='lat' dir='ltr'>Vala-</span> 
     </span>
     <span class='ocr_line' id='line_1_66' title="bbox 172 3419 1116 3478; baseline 0.013 -22"><span class='ocrx_word' id='word_1_431' title='bbox 172 3419 233 3456; x_wconf 77' lang='lat' dir='ltr'>ch1</span> <span class='ocrx_word' id='word_1_432' title='bbox 247 3428 429 3478; x_wconf 69' lang='lat' dir='ltr'>vocentur·</span> <span class='ocrx_word' id='word_1_433' title='bbox 478 3422 522 3458; x_wconf 88' lang='lat' dir='ltr'>Et</span> <span class='ocrx_word' id='word_1_434' title='bbox 537 3423 661 3461; x_wconf 86' lang='lat' dir='ltr'>harum</span> <span class='ocrx_word' id='word_1_435' title='bbox 676 3428 879 3478; x_wconf 81' lang='lat' dir='ltr'>Regionum</span> <span class='ocrx_word' id='word_1_436' title='bbox 890 3429 1065 3468; x_wconf 86' lang='lat' dir='ltr'>Palatinos</span> <span class='ocrx_word' id='word_1_437' title='bbox 1075 3441 1116 3468; x_wconf 88' lang='lat' dir='ltr'>ut</span> 
     </span>
     <span class='ocr_line' id='line_1_67' title="bbox 173 3469 1115 3528; baseline 0.013 -22"><span class='ocrx_word' id='word_1_438' title='bbox 173 3478 335 3506; x_wconf 84' lang='lat' dir='ltr'>term1ms</span> <span class='ocrx_word' id='word_1_439' title='bbox 354 3469 499 3527; x_wconf 75' lang='lat' dir='ltr'>d1y1s0s‚</span> <span class='ocrx_word' id='word_1_440' title='bbox 521 3472 569 3509; x_wconf 86' lang='lat' dir='ltr'>ita</span> <span class='ocrx_word' id='word_1_441' title='bbox 592 3475 883 3528; x_wconf 22' lang='lat' dir='ltr'>animisiquoque</span> <span class='ocrx_word' id='word_1_442' title='bbox 906 3481 1034 3517; x_wconf 90' lang='lat' dir='ltr'>divisos</span> <span class='ocrx_word' id='word_1_443' title='bbox 1054 3480 1115 3516; x_wconf 88' lang='lat' dir='ltr'>ali-</span> 
     </span>
     <span class='ocr_line' id='line_1_68' title="bbox 173 3515 1116 3571; baseline 0.013 -15"><span class='ocrx_word' id='word_1_444' title='bbox 173 3518 320 3569; x_wconf 81' lang='lat' dir='ltr'>quando</span> <span class='ocrx_word' id='word_1_445' title='bbox 347 3515 448 3557; x_wconf 81' lang='lat' dir='ltr'>fmffe</span> <span class='ocrx_word' id='word_1_446' title='bbox 471 3545 485 3560; x_wconf 79' lang='grc'><strong>.</strong></span> <span class='ocrx_word' id='word_1_447' title='bbox 521 3520 651 3561; x_wconf 86' lang='lat' dir='ltr'>indicio</span> <span class='ocrx_word' id='word_1_448' title='bbox 664 3524 712 3563; x_wconf 86' lang='lat' dir='ltr'>est</span> <span class='ocrx_word' id='word_1_449' title='bbox 729 3526 867 3571; x_wconf 85' lang='lat' dir='ltr'>bellum</span> <span class='ocrx_word' id='word_1_450' title='bbox 885 3529 976 3567; x_wconf 86' lang='lat' dir='ltr'>illud</span> <span class='ocrx_word' id='word_1_451' title='bbox 1005 3531 1116 3568; x_wconf 83' lang='lat' dir='ltr'>Anno</span> 
     </span>
    </p>
   </div>
   <div class='ocr_carea' id='block_1_7' title="bbox 1139 92 2119 2518">
    <p class='ocr_par' dir='ltr' id='par_1_9' title="bbox 1139 92 2119 2518">
     <span class='ocr_line' id='line_1_69' title="bbox 1993 92 2089 133; baseline 0.021 -2"><span class='ocrx_word' id='word_1_452' title='bbox 1993 92 2089 133; x_wconf 80' lang='lat'>¹49</span> 
     </span>
     <span class='ocr_line' id='line_1_70' title="bbox 1139 151 2091 201; baseline -0.003 -11"><span class='ocrx_word' id='word_1_453' title='bbox 1139 152 1437 190; x_wconf 87' lang='lat' dir='ltr'>MCCCCLXX.</span> <span class='ocrx_word' id='word_1_454' title='bbox 1448 154 1540 189; x_wconf 87' lang='lat' dir='ltr'>inter</span> <span class='ocrx_word' id='word_1_455' title='bbox 1547 152 1765 201; x_wconf 82' lang='lat' dir='ltr'>Stephanum</span> <span class='ocrx_word' id='word_1_456' title='bbox 1775 151 1963 189; x_wconf 83' lang='lat' dir='ltr'>Moldaviae</span> <span class='ocrx_word' id='word_1_457' title='bbox 1977 151 2010 187; x_wconf 65' lang='lat'>8&lt;</span> <span class='ocrx_word' id='word_1_458' title='bbox 2020 151 2091 188; x_wconf 82' lang='lat' dir='ltr'>Ra-</span> 
     </span>
     <span class='ocr_line' id='line_1_71' title="bbox 1139 201 2092 250; baseline -0.003 -12"><span class='ocrx_word' id='word_1_459' title='bbox 1139 201 1313 238; x_wconf 89' lang='lat' dir='ltr'>dulonem</span> <span class='ocrx_word' id='word_1_460' title='bbox 1322 202 1561 250; x_wconf 81' lang='lat' dir='ltr'>Transalpinae</span> <span class='ocrx_word' id='word_1_461' title='bbox 1570 203 1746 239; x_wconf 84' lang='lat' dir='ltr'>Valachiae</span> <span class='ocrx_word' id='word_1_462' title='bbox 1757 202 1931 238; x_wconf 84' lang='lat' dir='ltr'>Palatinos</span> <span class='ocrx_word' id='word_1_463' title='bbox 1940 201 2092 249; x_wconf 71' lang='lat' dir='ltr'>gestum,</span> 
     </span>
     <span class='ocr_line' id='line_1_72' title="bbox 1139 249 2092 298; baseline -0.004 -10"><span class='ocrx_word' id='word_1_464' title='bbox 1139 252 1241 294; x_wconf 79' lang='lat' dir='ltr'>cuius</span> <span class='ocrx_word' id='word_1_465' title='bbox 1260 252 1476 298; x_wconf 81' lang='lat' dir='ltr'>Neugebaur</span> <span class='ocrx_word' id='word_1_466' title='bbox 1493 251 1620 297; x_wconf 67' lang='lat' dir='ltr'>Hssor.</span> <span class='ocrx_word' id='word_1_467' title='bbox 1637 251 1754 289; x_wconf 67' lang='lat' dir='ltr'>Polou.</span> <span class='ocrx_word' id='word_1_468' title='bbox 1777 251 1842 288; x_wconf 79' lang='lat' dir='ltr'>lib.</span> <span class='ocrx_word' id='word_1_469' title='bbox 1858 254 1889 285; x_wconf 83' lang='lat'>6.</span> <span class='ocrx_word' id='word_1_470' title='bbox 1908 249 2092 292; x_wconf 86' lang='lat' dir='ltr'>meminit,</span> 
     </span>
     <span class='ocr_line' id='line_1_73' title="bbox 1140 298 2092 350; baseline -0.002 -14"><span class='ocrx_word' id='word_1_471' title='bbox 1140 302 1176 336; x_wconf 90' lang='lat' dir='ltr'>in</span> <span class='ocrx_word' id='word_1_472' title='bbox 1192 312 1266 350; x_wconf 85' lang='lat' dir='ltr'>quo</span> <span class='ocrx_word' id='word_1_473' title='bbox 1282 300 1424 336; x_wconf 86' lang='lat' dir='ltr'>Radulo</span> <span class='ocrx_word' id='word_1_474' title='bbox 1440 310 1564 348; x_wconf 86' lang='lat' dir='ltr'>captus</span> <span class='ocrx_word' id='word_1_475' title='bbox 1576 326 1585 342; x_wconf 89' lang='lat'>‚</span> <span class='ocrx_word' id='word_1_476' title='bbox 1605 301 1709 350; x_wconf 61' lang='lat' dir='ltr'>eique</span> <span class='ocrx_word' id='word_1_477' title='bbox 1725 298 1936 347; x_wconf 69' lang='lat' dir='ltr'>orae‚ej:&amp;is</span> <span class='ocrx_word' id='word_1_478' title='bbox 1957 298 2092 334; x_wconf 69' lang='lat' dir='ltr'>&#39;surca-</span> 
     </span>
     <span class='ocr_line' id='line_1_74' title="bbox 1140 346 2094 398; baseline -0.005 -12"><span class='ocrx_word' id='word_1_479' title='bbox 1140 361 1222 386; x_wconf 91' lang='lat' dir='ltr'>rum</span> <span class='ocrx_word' id='word_1_480' title='bbox 1250 350 1409 398; x_wconf 83' lang='lat' dir='ltr'>praefidiis</span> <span class='ocrx_word' id='word_1_481' title='bbox 1425 350 1445 385; x_wconf 74' lang='lat' dir='ltr'>a</span> <span class='ocrx_word' id='word_1_482' title='bbox 1469 349 1600 385; x_wconf 68' lang='lat' dir='ltr'>victore</span> <span class='ocrx_word' id='word_1_483' title='bbox 1624 362 1717 385; x_wconf 85' lang='lat' dir='ltr'>unus</span> <span class='ocrx_word' id='word_1_484' title='bbox 1733 361 1777 385; x_wconf 81' lang='lat' dir='ltr'>ex</span> <span class='ocrx_word' id='word_1_485' title='bbox 1799 350 1866 385; x_wconf 79' lang='lat' dir='ltr'>suis</span> <span class='ocrx_word' id='word_1_486' title='bbox 1889 346 2094 397; x_wconf 80' lang='lat' dir='ltr'>purpuratis</span> 
     </span>
     <span class='ocr_line' id='line_1_75' title="bbox 1139 392 2095 447; baseline -0.003 -12"><span class='ocrx_word' id='word_1_487' title='bbox 1139 398 1326 447; x_wconf 59' lang='lat' dir='ltr'>praefefiius</span> <span class='ocrx_word' id='word_1_488' title='bbox 1345 398 1420 434; x_wconf 90' lang='lat' dir='ltr'>fuit.</span> <span class='ocrx_word' id='word_1_489' title='bbox 1514 398 1547 433; x_wconf 83' lang='lat' dir='ltr'>ui</span> <span class='ocrx_word' id='word_1_490' title='bbox 1574 399 1644 445; x_wconf 82' lang='lat' dir='ltr'>ipse</span> <span class='ocrx_word' id='word_1_491' title='bbox 1678 399 1823 435; x_wconf 82' lang='lat' dir='ltr'>Author</span> <span class='ocrx_word' id='word_1_492' title='bbox 1851 407 1998 446; x_wconf 85' lang='lat' dir='ltr'>quoque</span> <span class='ocrx_word' id='word_1_493' title='bbox 2028 392 2095 433; x_wconf 80' lang='lat' dir='ltr'>lib.</span> 
     </span>
     <span class='ocr_line' id='line_1_76' title="bbox 1140 443 2097 491; baseline -0.003 -8"><span class='ocrx_word' id='word_1_494' title='bbox 1140 460 1174 491; x_wconf 85' lang='lat'>5.</span> <span class='ocrx_word' id='word_1_495' title='bbox 1191 449 1432 488; x_wconf 85' lang='lat' dir='ltr'>tradit‚Anno</span> <span class='ocrx_word' id='word_1_496' title='bbox 1452 445 1807 484; x_wconf 62' lang='lat' dir='ltr'>MLCCCXXXIV.</span> <span class='ocrx_word' id='word_1_497' title='bbox 1844 448 1951 482; x_wconf 82' lang='lat' dir='ltr'>etiam</span> <span class='ocrx_word' id='word_1_498' title='bbox 1968 443 2097 482; x_wconf 81' lang='lat' dir='ltr'>Palati-</span> 
     </span>
     <span class='ocr_line' id='line_1_77' title="bbox 1140 489 2096 545; baseline -0.002 -14"><span class='ocrx_word' id='word_1_499' title='bbox 1140 508 1230 532; x_wconf 91' lang='lat' dir='ltr'>num</span> <span class='ocrx_word' id='word_1_500' title='bbox 1247 498 1436 534; x_wconf 84' lang='lat' dir='ltr'>Moldaviae</span> <span class='ocrx_word' id='word_1_501' title='bbox 1454 495 1601 545; x_wconf 88' lang='lat' dir='ltr'>Leopoli</span> <span class='ocrx_word' id='word_1_502' title='bbox 1621 497 1658 531; x_wconf 87' lang='lat' dir='ltr'>in</span> <span class='ocrx_word' id='word_1_503' title='bbox 1675 496 1783 531; x_wconf 85' lang='lat' dir='ltr'>verba</span> <span class='ocrx_word' id='word_1_504' title='bbox 1809 496 1916 544; x_wconf 83' lang='lat' dir='ltr'>Regis</span> <span class='ocrx_word' id='word_1_505' title='bbox 1937 489 2096 531; x_wconf 80' lang='lat' dir='ltr'>Poloniae</span> 
     </span>
     <span class='ocr_line' id='line_1_78' title="bbox 1142 543 2096 593; baseline -0.001 -13"><span class='ocrx_word' id='word_1_506' title='bbox 1142 547 1316 593; x_wconf 82' lang='lat' dir='ltr'>praesentis</span> <span class='ocrx_word' id='word_1_507' title='bbox 1339 546 1373 582; x_wconf 73' lang='grc' dir='ltr'>ὅτ</span> <span class='ocrx_word' id='word_1_508' title='bbox 1393 547 1515 582; x_wconf 87' lang='lat' dir='ltr'>habitu</span> <span class='ocrx_word' id='word_1_509' title='bbox 1542 545 1639 593; x_wconf 82' lang='lat' dir='ltr'>regio</span> <span class='ocrx_word' id='word_1_510' title='bbox 1663 544 1892 592; x_wconf 66' lang='lat' dir='ltr'>praefidentis,</span> <span class='ocrx_word' id='word_1_511' title='bbox 1921 543 1993 580; x_wconf 72' lang='lat' dir='ltr'>una</span> <span class='ocrx_word' id='word_1_512' title='bbox 2007 553 2096 580; x_wconf 87' lang='lat' dir='ltr'>cum</span> 
     </span>
     <span class='ocr_line' id='line_1_79' title="bbox 1141 591 2097 644; baseline -0.003 -14"><span class='ocrx_word' id='word_1_513' title='bbox 1141 597 1346 641; x_wconf 88' lang='lat' dir='ltr'>proceribus</span> <span class='ocrx_word' id='word_1_514' title='bbox 1364 593 1676 644; x_wconf 80' lang='lat' dir='ltr'>suaepartisjuraffe</span> <span class='ocrx_word' id='word_1_515' title='bbox 1693 606 1704 639; x_wconf 84' lang='lat'><em>3</em></span> <span class='ocrx_word' id='word_1_516' title='bbox 1730 592 1932 642; x_wconf 72' lang='lat' dir='ltr'>vexilloque</span> <span class='ocrx_word' id='word_1_517' title='bbox 1947 594 2018 628; x_wconf 87' lang='lat' dir='ltr'>ritu</span> <span class='ocrx_word' id='word_1_518' title='bbox 2045 591 2097 628; x_wconf 88' lang='lat' dir='ltr'>so-</span> 
     </span>
     <span class='ocr_line' id='line_1_80' title="bbox 1143 640 2097 693; baseline -0.001 -15"><span class='ocrx_word' id='word_1_519' title='bbox 1143 643 1252 679; x_wconf 89' lang='lat' dir='ltr'>lemni</span> <span class='ocrx_word' id='word_1_520' title='bbox 1268 645 1311 679; x_wconf 93' lang='lat' dir='ltr'>ad</span> <span class='ocrx_word' id='word_1_521' title='bbox 1328 645 1433 692; x_wconf 89' lang='lat' dir='ltr'>pedes</span> <span class='ocrx_word' id='word_1_522' title='bbox 1451 645 1554 693; x_wconf 83' lang='lat' dir='ltr'>Regis</span> <span class='ocrx_word' id='word_1_523' title='bbox 1566 641 1716 689; x_wconf 59' lang='lat' dir='ltr'>abjecto,</span> <span class='ocrx_word' id='word_1_524' title='bbox 1734 642 1769 677; x_wconf 91' lang='lat' dir='ltr'>in</span> <span class='ocrx_word' id='word_1_525' title='bbox 1788 640 1856 677; x_wconf 83' lang='lat' dir='ltr'>fide</span> <span class='ocrx_word' id='word_1_526' title='bbox 1880 654 1921 678; x_wconf 89' lang='lat' dir='ltr'>ac</span> <span class='ocrx_word' id='word_1_527' title='bbox 1950 641 2097 677; x_wconf 87' lang='lat' dir='ltr'>cliente·</span> 
     </span>
     <span class='ocr_line' id='line_1_81' title="bbox 1143 688 2098 739; baseline -0.002 -12"><span class='ocrx_word' id='word_1_528' title='bbox 1143 691 1177 728; x_wconf 88' lang='lat' dir='ltr'>la</span> <span class='ocrx_word' id='word_1_529' title='bbox 1204 692 1300 736; x_wconf 69' lang='lat' dir='ltr'>eim,</span> <span class='ocrx_word' id='word_1_530' title='bbox 1330 693 1364 729; x_wconf 74' lang='grc' dir='ltr'>ὅ(</span> <span class='ocrx_word' id='word_1_531' title='bbox 1387 695 1552 729; x_wconf 87' lang='lat' dir='ltr'>omnium</span> <span class='ocrx_word' id='word_1_532' title='bbox 1576 692 1744 739; x_wconf 86' lang='lat' dir='ltr'>deinceps</span> <span class='ocrx_word' id='word_1_533' title='bbox 1771 690 1912 739; x_wconf 82' lang='lat' dir='ltr'>Regum</span> <span class='ocrx_word' id='word_1_534' title='bbox 1941 688 2098 726; x_wconf 83' lang='lat' dir='ltr'>Poloniae</span> 
     </span>
     <span class='ocr_line' id='line_1_82' title="bbox 1144 738 2100 789; baseline -0.002 -13"><span class='ocrx_word' id='word_1_535' title='bbox 1144 741 1280 789; x_wconf 87' lang='lat' dir='ltr'>semper</span> <span class='ocrx_word' id='word_1_536' title='bbox 1317 742 1348 777; x_wconf 88' lang='lat' dir='ltr'>se</span> <span class='ocrx_word' id='word_1_537' title='bbox 1373 742 1450 779; x_wconf 90' lang='lat' dir='ltr'>fore</span> <span class='ocrx_word' id='word_1_538' title='bbox 1472 767 1482 784; x_wconf 90' lang='lat'>,</span> <span class='ocrx_word' id='word_1_539' title='bbox 1508 743 1542 779; x_wconf 84' lang='lat'>&amp;</span> <span class='ocrx_word' id='word_1_540' title='bbox 1565 751 1686 778; x_wconf 87' lang='lat' dir='ltr'>contra</span> <span class='ocrx_word' id='word_1_541' title='bbox 1703 739 1849 789; x_wconf 85' lang='lat' dir='ltr'>quosvis</span> <span class='ocrx_word' id='word_1_542' title='bbox 1867 738 1982 775; x_wconf 84' lang='lat' dir='ltr'>hostes</span> <span class='ocrx_word' id='word_1_543' title='bbox 2006 739 2100 775; x_wconf 83' lang='lat' dir='ltr'>sum-</span> 
     </span>
     <span class='ocr_line' id='line_1_83' title="bbox 1145 785 2100 839; baseline -0.004 -13"><span class='ocrx_word' id='word_1_544' title='bbox 1145 792 1203 826; x_wconf 75' lang='lat' dir='ltr'>ma</span> <span class='ocrx_word' id='word_1_545' title='bbox 1229 801 1297 839; x_wconf 92' lang='lat' dir='ltr'>ope</span> <span class='ocrx_word' id='word_1_546' title='bbox 1319 790 1396 839; x_wconf 76' lang='lat' dir='ltr'>ipsis</span> <span class='ocrx_word' id='word_1_547' title='bbox 1416 791 1528 828; x_wconf 88' lang='lat' dir='ltr'>affore</span> <span class='ocrx_word' id='word_1_548' title='bbox 1543 817 1553 834; x_wconf 91' lang='lat'><strong>,</strong></span> <span class='ocrx_word' id='word_1_549' title='bbox 1570 789 1759 839; x_wconf 84' lang='lat' dir='ltr'>profeffum</span> <span class='ocrx_word' id='word_1_550' title='bbox 1778 788 1887 824; x_wconf 83' lang='lat' dir='ltr'>fuiffe.</span> <span class='ocrx_word' id='word_1_551' title='bbox 1936 785 2025 834; x_wconf 83' lang='lat' dir='ltr'>Qo</span> <span class='ocrx_word' id='word_1_552' title='bbox 2050 785 2100 822; x_wconf 69' lang='grc' dir='ltr'>ξι-</span> 
     </span>
     <span class='ocr_line' id='line_1_84' title="bbox 1145 835 2101 888; baseline -0.005 -12"><span class='ocrx_word' id='word_1_553' title='bbox 1145 839 1204 876; x_wconf 69' lang='lat' dir='ltr'>&amp;o</span> <span class='ocrx_word' id='word_1_554' title='bbox 1226 865 1237 881; x_wconf 90' lang='lat'>‚</span> <span class='ocrx_word' id='word_1_555' title='bbox 1271 840 1406 888; x_wconf 84' lang='lat' dir='ltr'>Regem</span> <span class='ocrx_word' id='word_1_556' title='bbox 1431 853 1516 876; x_wconf 89' lang='lat' dir='ltr'>eum</span> <span class='ocrx_word' id='word_1_557' title='bbox 1544 840 1721 876; x_wconf 83' lang='lat' dir='ltr'>sublatum</span> <span class='ocrx_word' id='word_1_558' title='bbox 1739 837 1862 875; x_wconf 86' lang='lat' dir='ltr'>osculo</span> <span class='ocrx_word' id='word_1_559' title='bbox 1893 835 2063 885; x_wconf 69' lang='lat' dir='ltr'>excepisse</span> <span class='ocrx_word' id='word_1_560' title='bbox 2088 859 2101 878; x_wconf 85' lang='lat'>,</span> 
     </span>
     <span class='ocr_line' id='line_1_85' title="bbox 1147 883 2102 928; baseline -0.004 -4"><span class='ocrx_word' id='word_1_561' title='bbox 1147 888 1356 924; x_wconf 90' lang='lat' dir='ltr'>Proceribus</span> <span class='ocrx_word' id='word_1_562' title='bbox 1379 889 1464 926; x_wconf 74' lang='lat' dir='ltr'>vero</span> <span class='ocrx_word' id='word_1_563' title='bbox 1482 889 1646 925; x_wconf 89' lang='lat' dir='ltr'>Valachis</span> <span class='ocrx_word' id='word_1_564' title='bbox 1669 889 1826 924; x_wconf 85' lang='lat' dir='ltr'>dextram</span> <span class='ocrx_word' id='word_1_565' title='bbox 1852 883 1979 922; x_wconf 81' lang='lat' dir='ltr'>dedisse</span> <span class='ocrx_word' id='word_1_566' title='bbox 1994 910 2005 928; x_wconf 91' lang='lat'>,</span> <span class='ocrx_word' id='word_1_567' title='bbox 2040 884 2102 920; x_wconf 89' lang='lat' dir='ltr'>tri-</span> 
     </span>
     <span class='ocr_line' id='line_1_86' title="bbox 1148 934 2103 986; baseline -0.005 -12"><span class='ocrx_word' id='word_1_568' title='bbox 1148 937 1354 986; x_wconf 72' lang='lat' dir='ltr'>butumque</span> <span class='ocrx_word' id='word_1_569' title='bbox 1372 949 1519 974; x_wconf 89' lang='lat' dir='ltr'>centum</span> <span class='ocrx_word' id='word_1_570' title='bbox 1533 949 1709 985; x_wconf 87' lang='lat' dir='ltr'>equorum</span> <span class='ocrx_word' id='word_1_571' title='bbox 1720 963 1730 980; x_wconf 88' lang='lat'>,</span> <span class='ocrx_word' id='word_1_572' title='bbox 1745 937 1899 973; x_wconf 89' lang='lat' dir='ltr'>totidem</span> <span class='ocrx_word' id='word_1_573' title='bbox 1915 960 1926 978; x_wconf 89' lang='lat'>‚</span> <span class='ocrx_word' id='word_1_574' title='bbox 1951 934 2018 970; x_wconf 84' lang='lat' dir='ltr'>{ive</span> <span class='ocrx_word' id='word_1_575' title='bbox 2035 937 2103 981; x_wconf 81' lang='lat' dir='ltr'>(ut</span> 
     </span>
     <span class='ocr_line' id='line_1_87' title="bbox 1148 986 2104 1035; baseline -0.003 -13"><span class='ocrx_word' id='word_1_576' title='bbox 1148 986 1279 1023; x_wconf 89' lang='lat' dir='ltr'>volunt</span> <span class='ocrx_word' id='word_1_577' title='bbox 1303 986 1360 1022; x_wconf 89' lang='lat' dir='ltr'>alii</span> <span class='ocrx_word' id='word_1_578' title='bbox 1384 987 1400 1033; x_wconf 91' lang='lat'><em>)</em></span> <span class='ocrx_word' id='word_1_579' title='bbox 1434 988 1776 1035; x_wconf 83' lang='lat' dir='ltr'>quadringentorum</span> <span class='ocrx_word' id='word_1_580' title='bbox 1801 986 1991 1022; x_wconf 88' lang='lat' dir='ltr'>sericorum</span> <span class='ocrx_word' id='word_1_581' title='bbox 2016 994 2104 1032; x_wconf 89' lang='lat' dir='ltr'>pan-</span> 
     </span>
     <span class='ocr_line' id='line_1_88' title="bbox 1148 1032 2104 1085; baseline -0.004 -13"><span class='ocrx_word' id='word_1_582' title='bbox 1148 1047 1280 1072; x_wconf 88' lang='lat' dir='ltr'>norum</span> <span class='ocrx_word' id='word_1_583' title='bbox 1304 1061 1313 1076; x_wconf 89' lang='lat'>,</span> <span class='ocrx_word' id='word_1_584' title='bbox 1338 1047 1417 1084; x_wconf 83' lang='lat' dir='ltr'>quae</span> <span class='ocrx_word' id='word_1_585' title='bbox 1439 1035 1595 1074; x_wconf 78' lang='lat' dir='ltr'>Camckae</span> <span class='ocrx_word' id='word_1_586' title='bbox 1634 1035 1743 1085; x_wconf 75' lang='lat' dir='ltr'>vulgo</span> <span class='ocrx_word' id='word_1_587' title='bbox 1775 1043 1953 1072; x_wconf 81' lang='lat' dir='ltr'>vocantur</span> <span class='ocrx_word' id='word_1_588' title='bbox 1973 1059 1983 1074; x_wconf 88' lang='lat'>,</span> <span class='ocrx_word' id='word_1_589' title='bbox 2015 1032 2104 1070; x_wconf 87' lang='lat' dir='ltr'>toti-</span> 
     </span>
     <span class='ocr_line' id='line_1_89' title="bbox 1151 1081 2105 1125; baseline -0.002 -5"><span class='ocrx_word' id='word_1_590' title='bbox 1151 1084 1234 1121; x_wconf 89' lang='lat' dir='ltr'>dem</span> <span class='ocrx_word' id='word_1_591' title='bbox 1262 1085 1375 1120; x_wconf 85' lang='lat' dir='ltr'>boum</span> <span class='ocrx_word' id='word_1_592' title='bbox 1403 1110 1412 1125; x_wconf 90' lang='lat'>,</span> <span class='ocrx_word' id='word_1_593' title='bbox 1435 1097 1475 1121; x_wconf 92' lang='lat' dir='ltr'>ac</span> <span class='ocrx_word' id='word_1_594' title='bbox 1500 1086 1739 1121; x_wconf 88' lang='lat' dir='ltr'>ducentorum</span> <span class='ocrx_word' id='word_1_595' title='bbox 1761 1095 1935 1121; x_wconf 89' lang='lat' dir='ltr'>curruum</span> <span class='ocrx_word' id='word_1_596' title='bbox 1964 1081 2105 1119; x_wconf 75' lang='lat' dir='ltr'>Visonis</span> 
     </span>
     <span class='ocr_line' id='line_1_90' title="bbox 1149 1131 2107 1185; baseline -0.003 -15"><span class='ocrx_word' id='word_1_597' title='bbox 1149 1135 1168 1181; x_wconf 89' lang='lat'>(</span> <span class='ocrx_word' id='word_1_598' title='bbox 1188 1132 1290 1184; x_wconf 78' lang='lat' dir='ltr'>pistis</span> <span class='ocrx_word' id='word_1_599' title='bbox 1307 1133 1350 1170; x_wconf 84' lang='lat' dir='ltr'>id</span> <span class='ocrx_word' id='word_1_600' title='bbox 1375 1133 1595 1185; x_wconf 77' lang='lat' dir='ltr'>praegrandis</span> <span class='ocrx_word' id='word_1_601' title='bbox 1610 1147 1740 1171; x_wconf 81' lang='lat' dir='ltr'>nomen</span> <span class='ocrx_word' id='word_1_602' title='bbox 1764 1135 1817 1170; x_wconf 65' lang='lat' dir='ltr'>eft</span> <span class='ocrx_word' id='word_1_603' title='bbox 1831 1159 1842 1177; x_wconf 87' lang='lat'>‚</span> <span class='ocrx_word' id='word_1_604' title='bbox 1868 1134 1969 1182; x_wconf 81' lang='lat' dir='ltr'>cujus</span> <span class='ocrx_word' id='word_1_605' title='bbox 1982 1131 2107 1181; x_wconf 78' lang='lat' dir='ltr'>ferax</span> 
     </span>
     <span class='ocr_line' id='line_1_91' title="bbox 1151 1179 2107 1232; baseline -0.002 -13"><span class='ocrx_word' id='word_1_606' title='bbox 1151 1184 1205 1220; x_wconf 71' lang='lat' dir='ltr'>eft</span> <span class='ocrx_word' id='word_1_607' title='bbox 1234 1184 1427 1220; x_wconf 76' lang='lat' dir='ltr'>Danubim</span> <span class='ocrx_word' id='word_1_608' title='bbox 1462 1188 1474 1227; x_wconf 91' lang='lat'><em>)</em></span> <span class='ocrx_word' id='word_1_609' title='bbox 1508 1183 1546 1218; x_wconf 90' lang='lat' dir='ltr'>in</span> <span class='ocrx_word' id='word_1_610' title='bbox 1585 1183 1737 1232; x_wconf 78' lang='lat' dir='ltr'>(iugulos</span> <span class='ocrx_word' id='word_1_611' title='bbox 1776 1194 1890 1218; x_wconf 89' lang='lat' dir='ltr'>annos</span> <span class='ocrx_word' id='word_1_612' title='bbox 1928 1179 2107 1230; x_wconf 70' lang='lat' dir='ltr'>impoluiss</span> 
     </span>
     <span class='ocr_line' id='line_1_92' title="bbox 1153 1230 2107 1280; baseline -0.003 -11"><span class='ocrx_word' id='word_1_613' title='bbox 1153 1233 1186 1269; x_wconf 74' lang='lat' dir='ltr'>ie</span> <span class='ocrx_word' id='word_1_614' title='bbox 1201 1233 1267 1269; x_wconf 86' lang='lat' dir='ltr'>&amp;c.</span> <span class='ocrx_word' id='word_1_615' title='bbox 1317 1233 1362 1269; x_wconf 87' lang='lat' dir='ltr'>Et</span> <span class='ocrx_word' id='word_1_616' title='bbox 1396 1233 1432 1268; x_wconf 87' lang='lat' dir='ltr'>in</span> <span class='ocrx_word' id='word_1_617' title='bbox 1457 1232 1681 1280; x_wconf 87' lang='lat' dir='ltr'>sequentibus</span> <span class='ocrx_word' id='word_1_618' title='bbox 1703 1233 1928 1280; x_wconf 88' lang='lat' dir='ltr'>eadem‚quae</span> <span class='ocrx_word' id='word_1_619' title='bbox 1945 1230 1990 1266; x_wconf 91' lang='lat' dir='ltr'>de</span> <span class='ocrx_word' id='word_1_620' title='bbox 2005 1230 2078 1266; x_wconf 84' lang='lat' dir='ltr'>Elia</span> <span class='ocrx_word' id='word_1_621' title='bbox 2092 1254 2107 1273; x_wconf 82' lang='lat'>,</span> 
     </span>
     <span class='ocr_line' id='line_1_93' title="bbox 1155 1279 2108 1318; baseline -0.003 0"><span class='ocrx_word' id='word_1_622' title='bbox 1155 1283 1200 1318; x_wconf 91' lang='lat' dir='ltr'>de</span> <span class='ocrx_word' id='word_1_623' title='bbox 1220 1281 1423 1318; x_wconf 87' lang='lat' dir='ltr'>Alexandro</span> <span class='ocrx_word' id='word_1_624' title='bbox 1440 1280 1598 1318; x_wconf 84' lang='lat' dir='ltr'>Palatino</span> <span class='ocrx_word' id='word_1_625' title='bbox 1622 1282 1799 1318; x_wconf 81' lang='lat' dir='ltr'>Valachiae</span> <span class='ocrx_word' id='word_1_626' title='bbox 1816 1288 1942 1316; x_wconf 87' lang='lat' dir='ltr'>narrat.</span> <span class='ocrx_word' id='word_1_627' title='bbox 1990 1279 2108 1315; x_wconf 89' lang='lat' dir='ltr'>Isthu-</span> 
     </span>
     <span class='ocr_line' id='line_1_94' title="bbox 1155 1327 2109 1380; baseline -0.003 -13"><span class='ocrx_word' id='word_1_628' title='bbox 1155 1331 1284 1367; x_wconf 85' lang='lat' dir='ltr'>anffius</span> <span class='ocrx_word' id='word_1_629' title='bbox 1301 1330 1389 1367; x_wconf 73' lang='lat' dir='ltr'>verb</span> <span class='ocrx_word' id='word_1_630' title='bbox 1405 1329 1469 1368; x_wconf 83' lang='lat' dir='ltr'>lib.</span> <span class='ocrx_word' id='word_1_631' title='bbox 1487 1343 1542 1374; x_wconf 77' lang='lat'>13.</span> <span class='ocrx_word' id='word_1_632' title='bbox 1560 1330 1727 1379; x_wconf 85' lang='lat' dir='ltr'>scriptum</span> <span class='ocrx_word' id='word_1_633' title='bbox 1743 1330 1904 1380; x_wconf 88' lang='lat' dir='ltr'>reliquit,</span> <span class='ocrx_word' id='word_1_634' title='bbox 1928 1337 2001 1365; x_wconf 88' lang='lat' dir='ltr'>tam</span> <span class='ocrx_word' id='word_1_635' title='bbox 2011 1327 2109 1364; x_wconf 87' lang='lat' dir='ltr'>Mol-</span> 
     </span>
     <span class='ocr_line' id='line_1_95' title="bbox 1157 1376 2109 1429; baseline -0.003 -13"><span class='ocrx_word' id='word_1_636' title='bbox 1157 1382 1296 1416; x_wconf 92' lang='lat' dir='ltr'>daviam</span> <span class='ocrx_word' id='word_1_637' title='bbox 1312 1381 1402 1416; x_wconf 82' lang='lat' dir='ltr'>mari</span> <span class='ocrx_word' id='word_1_638' title='bbox 1427 1379 1550 1429; x_wconf 84' lang='lat' dir='ltr'>nigro,</span> <span class='ocrx_word' id='word_1_639' title='bbox 1566 1389 1607 1416; x_wconf 87' lang='lat' dir='ltr'>ut</span> <span class='ocrx_word' id='word_1_640' title='bbox 1624 1389 1754 1417; x_wconf 90' lang='lat' dir='ltr'>vocant</span> <span class='ocrx_word' id='word_1_641' title='bbox 1769 1405 1779 1422; x_wconf 93' lang='lat'>,</span> <span class='ocrx_word' id='word_1_642' title='bbox 1798 1381 1856 1416; x_wconf 88' lang='lat' dir='ltr'>seu</span> <span class='ocrx_word' id='word_1_643' title='bbox 1874 1389 1989 1427; x_wconf 88' lang='lat' dir='ltr'>ponto</span> <span class='ocrx_word' id='word_1_644' title='bbox 2007 1376 2109 1414; x_wconf 85' lang='lat' dir='ltr'>Pole-</span> 
     </span>
     <span class='ocr_line' id='line_1_96' title="bbox 1158 1427 2110 1478; baseline -0.003 -12"><span class='ocrx_word' id='word_1_645' title='bbox 1158 1430 1325 1466; x_wconf 69' lang='lat' dir='ltr'>maniaco</span> <span class='ocrx_word' id='word_1_646' title='bbox 1350 1430 1646 1478; x_wconf 86' lang='lat' dir='ltr'>propinquiorem</span> <span class='ocrx_word' id='word_1_647' title='bbox 1670 1455 1682 1472; x_wconf 91' lang='lat'><em>‚</em></span> <span class='ocrx_word' id='word_1_648' title='bbox 1714 1429 1821 1478; x_wconf 70' lang='lat' dir='ltr'>quam</span> <span class='ocrx_word' id='word_1_649' title='bbox 1843 1427 2110 1476; x_wconf 71' lang='lat' dir='ltr'>Transalpinam</span> 
     </span>
     <span class='ocr_line' id='line_1_97' title="bbox 1159 1476 2111 1527; baseline -0.001 -12"><span class='ocrx_word' id='word_1_650' title='bbox 1159 1479 1327 1516; x_wconf 86' lang='lat' dir='ltr'>Danubio</span> <span class='ocrx_word' id='word_1_651' title='bbox 1351 1480 1611 1515; x_wconf 83' lang='lat' dir='ltr'>conterminam</span> <span class='ocrx_word' id='word_1_652' title='bbox 1632 1504 1641 1521; x_wconf 93' lang='lat'>‚</span> <span class='ocrx_word' id='word_1_653' title='bbox 1666 1490 1742 1527; x_wconf 88' lang='lat' dir='ltr'>quo</span> <span class='ocrx_word' id='word_1_654' title='bbox 1769 1479 1875 1515; x_wconf 89' lang='lat' dir='ltr'>etiarn</span> <span class='ocrx_word' id='word_1_655' title='bbox 1904 1477 1925 1513; x_wconf 73' lang='lat' dir='ltr'>a</span> <span class='ocrx_word' id='word_1_656' title='bbox 1947 1476 2111 1526; x_wconf 69' lang='lat' dir='ltr'>Bulgarin</span> 
     </span>
     <span class='ocr_line' id='line_1_98' title="bbox 1160 1525 2111 1578; baseline -0.003 -13"><span class='ocrx_word' id='word_1_657' title='bbox 1160 1529 1334 1578; x_wconf 86' lang='lat' dir='ltr'>separatur</span> <span class='ocrx_word' id='word_1_658' title='bbox 1357 1553 1368 1571; x_wconf 91' lang='lat'><strong>,</strong></span> <span class='ocrx_word' id='word_1_659' title='bbox 1400 1528 1610 1576; x_wconf 85' lang='lat' dir='ltr'>Ungrorum</span> <span class='ocrx_word' id='word_1_660' title='bbox 1636 1527 1778 1575; x_wconf 77' lang='lat' dir='ltr'>Regum</span> <span class='ocrx_word' id='word_1_661' title='bbox 1808 1525 1980 1564; x_wconf 81' lang='lat' dir='ltr'>clientelae</span> <span class='ocrx_word' id='word_1_662' title='bbox 2013 1525 2111 1562; x_wconf 86' lang='lat' dir='ltr'>attri-</span> 
     </span>
     <span class='ocr_line' id='line_1_99' title="bbox 1161 1575 2111 1626; baseline -0.003 -12"><span class='ocrx_word' id='word_1_663' title='bbox 1161 1579 1287 1615; x_wconf 90' lang='lat' dir='ltr'>butam</span> <span class='ocrx_word' id='word_1_664' title='bbox 1304 1603 1315 1620; x_wconf 88' lang='lat'>‚</span> <span class='ocrx_word' id='word_1_665' title='bbox 1328 1577 1372 1614; x_wconf 88' lang='lat' dir='ltr'>ab</span> <span class='ocrx_word' id='word_1_666' title='bbox 1392 1589 1437 1613; x_wconf 89' lang='lat' dir='ltr'>eo</span> <span class='ocrx_word' id='word_1_667' title='bbox 1457 1578 1526 1624; x_wconf 85' lang='lat' dir='ltr'>jam</span> <span class='ocrx_word' id='word_1_668' title='bbox 1544 1577 1632 1613; x_wconf 92' lang='lat' dir='ltr'>olim</span> <span class='ocrx_word' id='word_1_669' title='bbox 1648 1586 1828 1626; x_wconf 86' lang='lat' dir='ltr'>tempore,</span> <span class='ocrx_word' id='word_1_670' title='bbox 1844 1588 1919 1625; x_wconf 89' lang='lat' dir='ltr'>quo</span> <span class='ocrx_word' id='word_1_671' title='bbox 1935 1575 2111 1612; x_wconf 80' lang='lat' dir='ltr'>Constan-</span> 
     </span>
     <span class='ocr_line' id='line_1_100' title="bbox 1161 1624 2113 1676; baseline -0.003 -12"><span class='ocrx_word' id='word_1_672' title='bbox 1161 1627 1314 1676; x_wconf 87' lang='lat' dir='ltr'>tinopoli</span> <span class='ocrx_word' id='word_1_673' title='bbox 1339 1629 1570 1675; x_wconf 73' lang='lat' dir='ltr'>Imperatores</span> <span class='ocrx_word' id='word_1_674' title='bbox 1593 1625 1781 1662; x_wconf 87' lang='lat' dir='ltr'>Christiani</span> <span class='ocrx_word' id='word_1_675' title='bbox 1803 1626 1991 1663; x_wconf 79' lang='lat' dir='ltr'>florebant.</span> <span class='ocrx_word' id='word_1_676' title='bbox 2041 1624 2113 1661; x_wconf 81' lang='lat' dir='ltr'>Sed</span> 
     </span>
     <span class='ocr_line' id='line_1_101' title="bbox 1161 1673 2112 1726; baseline 0 -13"><span class='ocrx_word' id='word_1_677' title='bbox 1161 1677 1231 1726; x_wconf 86' lang='lat' dir='ltr'>ipse</span> <span class='ocrx_word' id='word_1_678' title='bbox 1245 1675 1304 1713; x_wconf 91' lang='lat' dir='ltr'>ille</span> <span class='ocrx_word' id='word_1_679' title='bbox 1328 1673 1624 1723; x_wconf 74' lang='lat' dir='ltr'>Isthuanffiusfhb</span> <span class='ocrx_word' id='word_1_680' title='bbox 1627 1675 1745 1722; x_wconf 85' lang='lat' dir='ltr'>finem</span> <span class='ocrx_word' id='word_1_681' title='bbox 1776 1675 1865 1712; x_wconf 86' lang='lat' dir='ltr'>libri</span> <span class='ocrx_word' id='word_1_682' title='bbox 1879 1687 1939 1719; x_wconf 79' lang='lat'>29.</span> <span class='ocrx_word' id='word_1_683' title='bbox 1961 1673 2112 1713; x_wconf 75' lang='lat' dir='ltr'>fatetur.</span> 
     </span>
     <span class='ocr_line' id='line_1_102' title="bbox 1160 1723 2113 1774; baseline -0.002 -12"><span class='ocrx_word' id='word_1_684' title='bbox 1160 1726 1230 1762; x_wconf 91' lang='lat' dir='ltr'>litis</span> <span class='ocrx_word' id='word_1_685' title='bbox 1247 1725 1597 1767; x_wconf 77' lang='lat' dir='ltr'>controverfiam‚an</span> <span class='ocrx_word' id='word_1_686' title='bbox 1605 1726 1802 1774; x_wconf 65' lang='lat' dir='ltr'>provincie</span> <span class='ocrx_word' id='word_1_687' title='bbox 1811 1723 1857 1761; x_wconf 68' lang='lat' dir='ltr'>ha</span> <span class='ocrx_word' id='word_1_688' title='bbox 1869 1725 1956 1771; x_wconf 82' lang='lat' dir='ltr'>jure</span> <span class='ocrx_word' id='word_1_689' title='bbox 1963 1723 2113 1761; x_wconf 82' lang='lat' dir='ltr'>cliente·</span> 
     </span>
     <span class='ocr_line' id='line_1_103' title="bbox 1159 1774 2113 1832; baseline -0.003 -19"><span class='ocrx_word' id='word_1_690' title='bbox 1159 1776 1238 1814; x_wconf 71' lang='lat' dir='ltr'>lari</span> <span class='ocrx_word' id='word_1_691' title='bbox 1260 1775 1315 1812; x_wconf 76' lang='lat' dir='ltr'>ad</span> <span class='ocrx_word' id='word_1_692' title='bbox 1335 1774 1487 1812; x_wconf 68' lang='lat' dir='ltr'>Potamos,</span> <span class='ocrx_word' id='word_1_693' title='bbox 1503 1787 1557 1811; x_wconf 81' lang='lat' dir='ltr'>an</span> <span class='ocrx_word' id='word_1_694' title='bbox 1573 1774 1627 1810; x_wconf 73' lang='lat' dir='ltr'>ad</span> <span class='ocrx_word' id='word_1_695' title='bbox 1646 1778 1808 1824; x_wconf 78' lang='lat' dir='ltr'>Ungaros</span> <span class='ocrx_word' id='word_1_696' title='bbox 1824 1775 2084 1832; x_wconf 74' lang='lat' dir='ltr'>pertinuerint</span> <span class='ocrx_word' id='word_1_697' title='bbox 2100 1798 2113 1814; x_wconf 87' lang='lat'><em>.</em></span> 
     </span>
     <span class='ocr_line' id='line_1_104' title="bbox 1160 1823 2114 1874; baseline -0.002 -12"><span class='ocrx_word' id='word_1_698' title='bbox 1160 1825 1283 1874; x_wconf 83' lang='lat' dir='ltr'>saepius</span> <span class='ocrx_word' id='word_1_699' title='bbox 1298 1837 1372 1862; x_wconf 90' lang='lat' dir='ltr'>non</span> <span class='ocrx_word' id='word_1_700' title='bbox 1388 1824 1530 1861; x_wconf 77' lang='lat' dir='ltr'>tantum</span> <span class='ocrx_word' id='word_1_701' title='bbox 1548 1824 1743 1860; x_wconf 84' lang='lat' dir='ltr'>verborum</span> <span class='ocrx_word' id='word_1_702' title='bbox 1760 1835 1837 1872; x_wconf 71' lang='lat' dir='ltr'>praej</span> <span class='ocrx_word' id='word_1_703' title='bbox 1844 1823 2010 1860; x_wconf 77' lang='lat' dir='ltr'>udicio&amp;</span> <span class='ocrx_word' id='word_1_704' title='bbox 2025 1833 2114 1860; x_wconf 88' lang='lat' dir='ltr'>con—</span> 
     </span>
     <span class='ocr_line' id='line_1_105' title="bbox 1161 1873 2115 1919; baseline -0.003 -7"><span class='ocrx_word' id='word_1_705' title='bbox 1161 1876 1340 1919; x_wconf 87' lang='lat' dir='ltr'>tentione,</span> <span class='ocrx_word' id='word_1_706' title='bbox 1361 1873 1416 1910; x_wconf 89' lang='lat' dir='ltr'>sed</span> <span class='ocrx_word' id='word_1_707' title='bbox 1434 1875 1540 1912; x_wconf 86' lang='lat' dir='ltr'>etiam</span> <span class='ocrx_word' id='word_1_708' title='bbox 1557 1874 1662 1910; x_wconf 85' lang='lat' dir='ltr'>armis</span> <span class='ocrx_word' id='word_1_709' title='bbox 1679 1882 1850 1912; x_wconf 84' lang='lat' dir='ltr'>tentatam</span> <span class='ocrx_word' id='word_1_710' title='bbox 1865 1899 1875 1916; x_wconf 89' lang='lat'>‚</span> <span class='ocrx_word' id='word_1_711' title='bbox 1900 1884 1974 1909; x_wconf 87' lang='lat' dir='ltr'>non</span> <span class='ocrx_word' id='word_1_712' title='bbox 1989 1881 2115 1916; x_wconf 83' lang='lat' dir='ltr'>tamen</span> 
     </span>
     <span class='ocr_line' id='line_1_106' title="bbox 1160 1921 2115 1971; baseline -0.003 -10"><span class='ocrx_word' id='word_1_713' title='bbox 1160 1925 1295 1961; x_wconf 88' lang='lat' dir='ltr'>idoneo</span> <span class='ocrx_word' id='word_1_714' title='bbox 1309 1924 1427 1971; x_wconf 85' lang='lat' dir='ltr'>judice</span> <span class='ocrx_word' id='word_1_715' title='bbox 1446 1923 1597 1960; x_wconf 86' lang='lat' dir='ltr'>decisam</span> <span class='ocrx_word' id='word_1_716' title='bbox 1613 1948 1623 1966; x_wconf 93' lang='lat'>,</span> <span class='ocrx_word' id='word_1_717' title='bbox 1647 1922 1690 1959; x_wconf 81' lang='lat' dir='ltr'>fic</span> <span class='ocrx_word' id='word_1_718' title='bbox 1705 1933 1747 1959; x_wconf 92' lang='lat' dir='ltr'>ut</span> <span class='ocrx_word' id='word_1_719' title='bbox 1763 1923 1800 1958; x_wconf 89' lang='lat' dir='ltr'>in</span> <span class='ocrx_word' id='word_1_720' title='bbox 1817 1922 1959 1970; x_wconf 89' lang='lat' dir='ltr'>ancipiti</span> <span class='ocrx_word' id='word_1_721' title='bbox 1981 1921 2115 1971; x_wconf 88' lang='lat' dir='ltr'>pende-</span> 
     </span>
     <span class='ocr_line' id='line_1_107' title="bbox 1160 1969 2115 2011; baseline -0.003 0"><span class='ocrx_word' id='word_1_722' title='bbox 1160 1986 1199 2011; x_wconf 90' lang='lat' dir='ltr'>re</span> <span class='ocrx_word' id='word_1_723' title='bbox 1217 1974 1394 2011; x_wconf 87' lang='lat' dir='ltr'>videatur.</span> <span class='ocrx_word' id='word_1_724' title='bbox 1448 1972 1568 2009; x_wconf 89' lang='lat' dir='ltr'>Hodie</span> <span class='ocrx_word' id='word_1_725' title='bbox 1583 1971 1794 2009; x_wconf 85' lang='lat' dir='ltr'>&amp;Valachia</span> <span class='ocrx_word' id='word_1_726' title='bbox 1809 1971 2032 2009; x_wconf 86' lang='lat' dir='ltr'>&amp;Moldavia</span> <span class='ocrx_word' id='word_1_727' title='bbox 2056 1969 2115 2008; x_wconf 83' lang='lat' dir='ltr'>vel</span> 
     </span>
     <span class='ocr_line' id='line_1_108' title="bbox 1162 2021 2116 2070; baseline -0.003 -10"><span class='ocrx_word' id='word_1_728' title='bbox 1162 2024 1318 2060; x_wconf 74' lang='lat' dir='ltr'>maxime</span> <span class='ocrx_word' id='word_1_729' title='bbox 1342 2023 1497 2059; x_wconf 89' lang='lat' dir='ltr'>Turcico</span> <span class='ocrx_word' id='word_1_730' title='bbox 1521 2022 1675 2070; x_wconf 89' lang='lat' dir='ltr'>Imperio</span> <span class='ocrx_word' id='word_1_731' title='bbox 1697 2022 1859 2058; x_wconf 85' lang='lat' dir='ltr'>obnoxiae</span> <span class='ocrx_word' id='word_1_732' title='bbox 1880 2045 1890 2061; x_wconf 82' lang='lat'>,</span> <span class='ocrx_word' id='word_1_733' title='bbox 1913 2021 2116 2070; x_wconf 76' lang='lat' dir='ltr'>eorumque</span> 
     </span>
     <span class='ocr_line' id='line_1_109' title="bbox 1161 2069 2116 2121; baseline 0 -12"><span class='ocrx_word' id='word_1_734' title='bbox 1161 2073 1340 2121; x_wconf 86' lang='lat' dir='ltr'>Principes</span> <span class='ocrx_word' id='word_1_735' title='bbox 1364 2072 1432 2108; x_wconf 85' lang='lat' dir='ltr'>five</span> <span class='ocrx_word' id='word_1_736' title='bbox 1454 2071 1601 2108; x_wconf 86' lang='lat' dir='ltr'>Palatini</span> <span class='ocrx_word' id='word_1_737' title='bbox 1623 2069 1798 2107; x_wconf 86' lang='lat' dir='ltr'>instabiles</span> <span class='ocrx_word' id='word_1_738' title='bbox 1815 2070 2012 2107; x_wconf 72' lang='lat' dir='ltr'>admodum</span> <span class='ocrx_word' id='word_1_739' title='bbox 2022 2070 2116 2109; x_wconf 71' lang='lat' dir='ltr'>sunt.</span> 
     </span>
     <span class='ocr_line' id='line_1_110' title="bbox 1161 2120 2117 2171; baseline -0.003 -12"><span class='ocrx_word' id='word_1_740' title='bbox 1161 2123 1196 2159; x_wconf 68' lang='grc' dir='ltr'>δε</span> <span class='ocrx_word' id='word_1_741' title='bbox 1221 2121 1435 2171; x_wconf 89' lang='lat' dir='ltr'>plerumque</span> <span class='ocrx_word' id='word_1_742' title='bbox 1462 2122 1506 2157; x_wconf 89' lang='lat' dir='ltr'>ab</span> <span class='ocrx_word' id='word_1_743' title='bbox 1535 2121 1807 2158; x_wconf 89' lang='lat' dir='ltr'>Ottomannicis</span> <span class='ocrx_word' id='word_1_744' title='bbox 1839 2120 2117 2168; x_wconf 75' lang='lat' dir='ltr'>Imperatoribus</span> 
     </span>
     <span class='ocr_line' id='line_1_111' title="bbox 1162 2169 2117 2220; baseline -0.003 -12"><span class='ocrx_word' id='word_1_745' title='bbox 1162 2173 1199 2208; x_wconf 91' lang='lat' dir='ltr'>in</span> <span class='ocrx_word' id='word_1_746' title='bbox 1226 2172 1428 2220; x_wconf 87' lang='lat' dir='ltr'>Principatu</span> <span class='ocrx_word' id='word_1_747' title='bbox 1477 2169 1748 2207; x_wconf 85' lang='lat' dir='ltr'>confirmantur.</span> <span class='ocrx_word' id='word_1_748' title='bbox 1799 2169 1944 2218; x_wconf 84' lang='lat' dir='ltr'>Qibus</span> <span class='ocrx_word' id='word_1_749' title='bbox 1966 2181 2042 2206; x_wconf 90' lang='lat' dir='ltr'>non</span> <span class='ocrx_word' id='word_1_750' title='bbox 2064 2169 2117 2206; x_wconf 85' lang='lat' dir='ltr'>so-</span> 
     </span>
     <span class='ocr_line' id='line_1_112' title="bbox 1162 2218 2117 2270; baseline -0.005 -11"><span class='ocrx_word' id='word_1_751' title='bbox 1162 2222 1241 2259; x_wconf 77' lang='lat' dir='ltr'>lum</span> <span class='ocrx_word' id='word_1_752' title='bbox 1256 2247 1266 2260; x_wconf 89' lang='lat'>‚</span> <span class='ocrx_word' id='word_1_753' title='bbox 1294 2221 1350 2258; x_wconf 88' lang='lat' dir='ltr'>sed</span> <span class='ocrx_word' id='word_1_754' title='bbox 1372 2220 1448 2258; x_wconf 89' lang='lat' dir='ltr'>aliis</span> <span class='ocrx_word' id='word_1_755' title='bbox 1487 2231 1635 2270; x_wconf 86' lang='lat' dir='ltr'>quoque</span> <span class='ocrx_word' id='word_1_756' title='bbox 1663 2219 1787 2256; x_wconf 88' lang='lat' dir='ltr'>vicinis</span> <span class='ocrx_word' id='word_1_757' title='bbox 1802 2221 1937 2256; x_wconf 88' lang='lat' dir='ltr'>tributa</span> <span class='ocrx_word' id='word_1_758' title='bbox 1962 2218 2117 2256; x_wconf 86' lang='lat' dir='ltr'>solvunt.</span> 
     </span>
     <span class='ocr_line' id='line_1_113' title="bbox 1163 2268 2117 2320; baseline -0.003 -13"><span class='ocrx_word' id='word_1_759' title='bbox 1163 2271 1487 2320; x_wconf 79' lang='lat' dir='ltr'>Qemadmodum</span> <span class='ocrx_word' id='word_1_760' title='bbox 1502 2268 1662 2319; x_wconf 85' lang='lat' dir='ltr'>Georgio</span> <span class='ocrx_word' id='word_1_761' title='bbox 1677 2269 1836 2305; x_wconf 84' lang='lat' dir='ltr'>Rakocio</span> <span class='ocrx_word' id='word_1_762' title='bbox 1850 2268 2117 2316; x_wconf 77' lang='lat' dir='ltr'>Transylvaniae</span> 
     </span>
     <span class='ocr_line' id='line_1_114' title="bbox 1162 2316 2119 2370; baseline -0.003 -13"><span class='ocrx_word' id='word_1_763' title='bbox 1162 2321 1316 2370; x_wconf 89' lang='lat' dir='ltr'>Principi</span> <span class='ocrx_word' id='word_1_764' title='bbox 1340 2320 1433 2356; x_wconf 89' lang='lat' dir='ltr'>circa</span> <span class='ocrx_word' id='word_1_765' title='bbox 1455 2331 1589 2356; x_wconf 90' lang='lat' dir='ltr'>annum</span> <span class='ocrx_word' id='word_1_766' title='bbox 1613 2318 1733 2355; x_wconf 90' lang='lat' dir='ltr'>adhuc</span> <span class='ocrx_word' id='word_1_767' title='bbox 1749 2316 1926 2354; x_wconf 88' lang='lat' dir='ltr'>MDCL.</span> <span class='ocrx_word' id='word_1_768' title='bbox 1945 2317 1981 2354; x_wconf 69' lang='grc' dir='ltr'>ἃ</span> <span class='ocrx_word' id='word_1_769' title='bbox 2001 2316 2119 2354; x_wconf 83' lang='lat' dir='ltr'>Bafili-</span> 
     </span>
     <span class='ocr_line' id='line_1_115' title="bbox 1163 2366 2118 2417; baseline -0.004 -10"><span class='ocrx_word' id='word_1_770' title='bbox 1163 2381 1229 2407; x_wconf 92' lang='lat' dir='ltr'>um</span> <span class='ocrx_word' id='word_1_771' title='bbox 1253 2369 1444 2407; x_wconf 84' lang='lat' dir='ltr'>Moldaviae</span> <span class='ocrx_word' id='word_1_772' title='bbox 1463 2369 1673 2417; x_wconf 87' lang='lat' dir='ltr'>Principem,</span> <span class='ocrx_word' id='word_1_773' title='bbox 1690 2367 1725 2403; x_wconf 87' lang='lat'>&amp;</span> <span class='ocrx_word' id='word_1_774' title='bbox 1742 2366 2022 2404; x_wconf 89' lang='lat' dir='ltr'>Constantinum</span> <span class='ocrx_word' id='word_1_775' title='bbox 2044 2367 2118 2403; x_wconf 83' lang='lat' dir='ltr'>Va-</span> 
     </span>
     <span class='ocr_line' id='line_1_116' title="bbox 1164 2416 2117 2467; baseline -0.004 -11"><span class='ocrx_word' id='word_1_776' title='bbox 1164 2419 1286 2456; x_wconf 87' lang='lat' dir='ltr'>lachiae</span> <span class='ocrx_word' id='word_1_777' title='bbox 1323 2418 1563 2467; x_wconf 87' lang='lat' dir='ltr'>Transalpinae</span> <span class='ocrx_word' id='word_1_778' title='bbox 1599 2416 1713 2453; x_wconf 91' lang='lat' dir='ltr'>Princi</span> <span class='ocrx_word' id='word_1_779' title='bbox 1741 2428 1798 2453; x_wconf 90' lang='lat' dir='ltr'>ern</span> <span class='ocrx_word' id='word_1_780' title='bbox 1844 2417 2020 2454; x_wconf 90' lang='lat' dir='ltr'>tributum</span> <span class='ocrx_word' id='word_1_781' title='bbox 2055 2428 2117 2452; x_wconf 90' lang='lat' dir='ltr'>an-</span> 
     </span>
     <span class='ocr_line' id='line_1_117' title="bbox 1163 2465 2119 2518; baseline -0.004 -12"><span class='ocrx_word' id='word_1_782' title='bbox 1163 2482 1281 2506; x_wconf 90' lang='lat' dir='ltr'>nuum</span> <span class='ocrx_word' id='word_1_783' title='bbox 1297 2468 1453 2518; x_wconf 90' lang='lat' dir='ltr'>pendere</span> <span class='ocrx_word' id='word_1_784' title='bbox 1470 2479 1543 2503; x_wconf 91' lang='lat' dir='ltr'>non</span> <span class='ocrx_word' id='word_1_785' title='bbox 1565 2466 1693 2502; x_wconf 90' lang='lat' dir='ltr'>erubui</span> <span class='ocrx_word' id='word_1_786' title='bbox 1720 2477 1741 2502; x_wconf 89' lang='lat' dir='ltr'>e</span> <span class='ocrx_word' id='word_1_787' title='bbox 1754 2466 1844 2509; x_wconf 87' lang='lat' dir='ltr'>‚Dn.</span> <span class='ocrx_word' id='word_1_788' title='bbox 1861 2465 2014 2514; x_wconf 76' lang='lat' dir='ltr'>johann.</span> <span class='ocrx_word' id='word_1_789' title='bbox 2036 2466 2119 2503; x_wconf 90' lang='lat' dir='ltr'>Bet·</span> 
     </span>
    </p>
   </div>
   <div class='ocr_carea' id='block_1_8' title="bbox 1161 2515 2117 2606">
    <p class='ocr_par' dir='ltr' id='par_1_10' title="bbox 1161 2515 2117 2606">
     <span class='ocr_line' id='line_1_118' title="bbox 1161 2515 2117 2606; baseline -0.001 -51"><span class='ocrx_word' id='word_1_790' title='bbox 1161 2520 1285 2606; x_wconf 46' lang='lat' dir='ltr'>heiniuis&#39;t</span> <span class='ocrx_word' id='word_1_791' title='bbox 1293 2523 1371 2555; x_wconf 87' lang='lat' dir='ltr'>Rer.</span> <span class='ocrx_word' id='word_1_792' title='bbox 1387 2519 1422 2553; x_wconf 88' lang='lat' dir='ltr'><em>T</em></span> <span class='ocrx_word' id='word_1_793' title='bbox 1414 2515 1576 2567; x_wconf 78' lang='lat' dir='ltr'>ranfylv.</span> <span class='ocrx_word' id='word_1_794' title='bbox 1594 2515 1659 2553; x_wconf 79' lang='lat' dir='ltr'>lib.</span> <span class='ocrx_word' id='word_1_795' title='bbox 1674 2528 1708 2552; x_wconf 85' lang='lat'>2.</span> <span class='ocrx_word' id='word_1_796' title='bbox 1725 2515 1814 2553; x_wconf 57' lang='lat' dir='ltr'>seer.</span> <span class='ocrx_word' id='word_1_797' title='bbox 1834 2528 1865 2552; x_wconf 83' lang='grc' dir='ltr'>ι.</span> <span class='ocrx_word' id='word_1_798' title='bbox 1874 2525 1960 2567; x_wconf 79' lang='lat' dir='ltr'>pag.</span> <span class='ocrx_word' id='word_1_799' title='bbox 1986 2528 2008 2560; x_wconf 80' lang='lat'><em>3</em></span> <span class='ocrx_word' id='word_1_800' title='bbox 2019 2530 2048 2554; x_wconf 88' lang='lat'>1.</span> <span class='ocrx_word' id='word_1_801' title='bbox 2063 2526 2117 2554; x_wconf 77' lang='lat' dir='ltr'>te-</span> 
     </span>
     <span class='ocr_line' id='line_1_119' title="bbox 1204 2580 1295 2605; baseline -0.044 1"><span class='ocrx_word' id='word_1_802' title='bbox 1204 2580 1219 2605; x_wconf 89' lang='lat' dir='ltr'>s</span> <span class='ocrx_word' id='word_1_803' title='bbox 1235 2580 1255 2605; x_wconf 90' lang='lat' dir='ltr'>e</span> <span class='ocrx_word' id='word_1_804' title='bbox 1286 2593 1295 2602; x_wconf 96' lang='lat'><strong><em>.</em></strong></span> 
     </span>
    </p>
   </div>
   <div class='ocr_carea' id='block_1_9' title="bbox 1162 2643 2118 3581">
    <p class='ocr_par' dir='ltr' id='par_1_11' title="bbox 1162 2643 2118 3242">
     <span class='ocr_line' id='line_1_120' title="bbox 1210 2643 2118 2700; baseline -0.004 -13"><span class='ocrx_word' id='word_1_805' title='bbox 1210 2650 1307 2700; x_wconf 87' lang='lat'>(82)</span> <span class='ocrx_word' id='word_1_806' title='bbox 1379 2647 1504 2687; x_wconf 84' lang='lat' dir='ltr'>uadra</span> <span class='ocrx_word' id='word_1_807' title='bbox 1527 2649 1614 2686; x_wconf 77' lang='lat' dir='ltr'>inm</span> <span class='ocrx_word' id='word_1_808' title='bbox 1647 2647 1766 2686; x_wconf 65' lang='lat' dir='ltr'>miffia</span> <span class='ocrx_word' id='word_1_809' title='bbox 1797 2647 1874 2690; x_wconf 63' lang='lat' dir='ltr'>&amp;a</span> <span class='ocrx_word' id='word_1_810' title='bbox 1896 2643 1928 2698; x_wconf 93' lang='grc'><em>]</em></span> <span class='ocrx_word' id='word_1_811' title='bbox 1959 2648 2014 2685; x_wconf 88' lang='lat' dir='ltr'>Ita</span> <span class='ocrx_word' id='word_1_812' title='bbox 2037 2646 2118 2697; x_wconf 79' lang='lat' dir='ltr'>qui-</span> 
     </span>
     <span class='ocr_line' id='line_1_121' title="bbox 1162 2699 2117 2736; baseline -0.004 0"><span class='ocrx_word' id='word_1_813' title='bbox 1162 2700 1245 2736; x_wconf 91' lang='lat' dir='ltr'>dem</span> <span class='ocrx_word' id='word_1_814' title='bbox 1264 2700 1371 2736; x_wconf 89' lang='lat' dir='ltr'>tradit</span> <span class='ocrx_word' id='word_1_815' title='bbox 1429 2710 1514 2736; x_wconf 88' lang='lat' dir='ltr'>onta</span> <span class='ocrx_word' id='word_1_816' title='bbox 1531 2701 1641 2735; x_wconf 89' lang='lat' dir='ltr'>banus</span> <span class='ocrx_word' id='word_1_817' title='bbox 1655 2699 1697 2735; x_wconf 81' lang='lat' dir='ltr'>in</span> <span class='ocrx_word' id='word_1_818' title='bbox 1711 2699 1903 2736; x_wconf 65' lang='lat' dir='ltr'>RenTurc.</span> <span class='ocrx_word' id='word_1_819' title='bbox 1919 2701 2117 2735; x_wconf 77' lang='lat' dir='ltr'>Comment-</span> 
     </span>
     <span class='ocr_line' id='line_1_122' title="bbox 1162 2746 2118 2800; baseline -0.006 -14"><span class='ocrx_word' id='word_1_820' title='bbox 1162 2759 1239 2800; x_wconf 78' lang='lat' dir='ltr'>cap.</span> <span class='ocrx_word' id='word_1_821' title='bbox 1264 2761 1322 2794; x_wconf 83' lang='lat'>91.</span> <span class='ocrx_word' id='word_1_822' title='bbox 1345 2749 1498 2785; x_wconf 89' lang='lat' dir='ltr'>Lazarus</span> <span class='ocrx_word' id='word_1_823' title='bbox 1524 2749 1711 2785; x_wconf 88' lang='lat' dir='ltr'>Soranzius</span> <span class='ocrx_word' id='word_1_824' title='bbox 1735 2746 1822 2784; x_wconf 73' lang='lat' dir='ltr'>verb</span> <span class='ocrx_word' id='word_1_825' title='bbox 1845 2748 1887 2784; x_wconf 79' lang='lat' dir='ltr'>in</span> <span class='ocrx_word' id='word_1_826' title='bbox 1915 2750 2118 2783; x_wconf 82' lang='lat' dir='ltr'>ottomano</span> 
     </span>
     <span class='ocr_line' id='line_1_123' title="bbox 1163 2793 2112 2850; baseline -0.007 -14"><span class='ocrx_word' id='word_1_827' title='bbox 1163 2807 1300 2850; x_wconf 76' lang='lat' dir='ltr'>cap.48.</span> <span class='ocrx_word' id='word_1_828' title='bbox 1310 2799 1425 2847; x_wconf 89' lang='lat' dir='ltr'>inquit</span> <span class='ocrx_word' id='word_1_829' title='bbox 1436 2812 1445 2834; x_wconf 77' lang='lat' dir='ltr'>e</span> <span class='ocrx_word' id='word_1_830' title='bbox 1455 2798 1644 2835; x_wconf 84' lang='lat' dir='ltr'>Waivoda</span> <span class='ocrx_word' id='word_1_831' title='bbox 1654 2796 1844 2833; x_wconf 82' lang='lat' dir='ltr'>Moldaviae</span> <span class='ocrx_word' id='word_1_832' title='bbox 1852 2795 1955 2832; x_wconf 87' lang='lat' dir='ltr'>solvit</span> <span class='ocrx_word' id='word_1_833' title='bbox 1969 2793 2112 2831; x_wconf 79' lang='lat' dir='ltr'>XXXI.</span> 
     </span>
     <span class='ocr_line' id='line_1_124' title="bbox 1163 2845 2114 2897; baseline -0.008 -12"><span class='ocrx_word' id='word_1_834' title='bbox 1163 2849 1313 2885; x_wconf 83' lang='lat' dir='ltr'>sommas</span> <span class='ocrx_word' id='word_1_835' title='bbox 1338 2847 1528 2897; x_wconf 84' lang='lat' dir='ltr'>asprorum.</span> <span class='ocrx_word' id='word_1_836' title='bbox 1591 2848 1739 2884; x_wconf 89' lang='lat' dir='ltr'>Somma</span> <span class='ocrx_word' id='word_1_837' title='bbox 1761 2856 1881 2882; x_wconf 88' lang='lat' dir='ltr'>autem</span> <span class='ocrx_word' id='word_1_838' title='bbox 1898 2845 2006 2881; x_wconf 86' lang='lat' dir='ltr'>unica</span> <span class='ocrx_word' id='word_1_839' title='bbox 2027 2852 2114 2879; x_wconf 90' lang='lat' dir='ltr'>cen-</span> 
     </span>
     <span class='ocr_line' id='line_1_125' title="bbox 1163 2889 2113 2946; baseline -0.009 -12"><span class='ocrx_word' id='word_1_840' title='bbox 1163 2908 1244 2934; x_wconf 90' lang='lat' dir='ltr'>tum</span> <span class='ocrx_word' id='word_1_841' title='bbox 1262 2895 1420 2934; x_wconf 87' lang='lat' dir='ltr'>millibus</span> <span class='ocrx_word' id='word_1_842' title='bbox 1435 2897 1614 2945; x_wconf 83' lang='lat' dir='ltr'>asprorum</span> <span class='ocrx_word' id='word_1_843' title='bbox 1633 2897 1826 2935; x_wconf 88' lang='lat' dir='ltr'>constabat,</span> <span class='ocrx_word' id='word_1_844' title='bbox 1859 2895 1921 2942; x_wconf 88' lang='lat' dir='ltr'>qui</span> <span class='ocrx_word' id='word_1_845' title='bbox 1945 2893 2020 2928; x_wconf 89' lang='lat' dir='ltr'>duo</span> <span class='ocrx_word' id='word_1_846' title='bbox 2034 2889 2113 2946; x_wconf 72' lang='lat' dir='ltr'>mil-</span> 
     </span>
     <span class='ocr_line' id='line_1_126' title="bbox 1163 2947 2114 2995; baseline -0.009 -12"><span class='ocrx_word' id='word_1_847' title='bbox 1163 2947 1209 2984; x_wconf 90' lang='lat' dir='ltr'>lia</span> <span class='ocrx_word' id='word_1_848' title='bbox 1224 2957 1478 2984; x_wconf 87' lang='lat' dir='ltr'>coronatorum</span> <span class='ocrx_word' id='word_1_849' title='bbox 1499 2947 1694 2987; x_wconf 87' lang='lat' dir='ltr'>faciebant,</span> <span class='ocrx_word' id='word_1_850' title='bbox 1711 2957 1754 2982; x_wconf 91' lang='lat' dir='ltr'>eo</span> <span class='ocrx_word' id='word_1_851' title='bbox 1775 2953 1946 2991; x_wconf 87' lang='lat' dir='ltr'>tempore,</span> <span class='ocrx_word' id='word_1_852' title='bbox 1957 2951 2031 2989; x_wconf 91' lang='lat' dir='ltr'>quo</span> <span class='ocrx_word' id='word_1_853' title='bbox 2047 2948 2114 2995; x_wconf 76' lang='lat' dir='ltr'>trr-</span> 
     </span>
     <span class='ocr_line' id='line_1_127' title="bbox 1164 2993 2112 3045; baseline -0.012 -11"><span class='ocrx_word' id='word_1_854' title='bbox 1164 2999 1296 3034; x_wconf 90' lang='lat' dir='ltr'>butum</span> <span class='ocrx_word' id='word_1_855' title='bbox 1313 2996 1400 3033; x_wconf 86' lang='lat' dir='ltr'>illud</span> <span class='ocrx_word' id='word_1_856' title='bbox 1428 2998 1645 3045; x_wconf 87' lang='lat' dir='ltr'>imperatum</span> <span class='ocrx_word' id='word_1_857' title='bbox 1666 2994 1743 3032; x_wconf 89' lang='lat' dir='ltr'>fuit.</span> <span class='ocrx_word' id='word_1_858' title='bbox 1783 2993 1986 3029; x_wconf 88' lang='lat' dir='ltr'>Coronatus</span> <span class='ocrx_word' id='word_1_859' title='bbox 2011 2999 2112 3024; x_wconf 88' lang='lat' dir='ltr'>emm</span> 
     </span>
     <span class='ocr_line' id='line_1_128' title="bbox 1165 3036 2112 3095; baseline -0.013 -12"><span class='ocrx_word' id='word_1_860' title='bbox 1165 3057 1254 3083; x_wconf 89' lang='lat' dir='ltr'>tunc</span> <span class='ocrx_word' id='word_1_861' title='bbox 1273 3046 1313 3082; x_wconf 92' lang='lat' dir='ltr'>L.</span> <span class='ocrx_word' id='word_1_862' title='bbox 1328 3047 1442 3095; x_wconf 76' lang='lat' dir='ltr'>aspros</span> <span class='ocrx_word' id='word_1_863' title='bbox 1459 3045 1600 3082; x_wconf 83' lang='lat' dir='ltr'>valebat</span> <span class='ocrx_word' id='word_1_864' title='bbox 1616 3071 1626 3088; x_wconf 93' lang='lat'>,</span> <span class='ocrx_word' id='word_1_865' title='bbox 1650 3055 1748 3080; x_wconf 91' lang='lat' dir='ltr'>nunc</span> <span class='ocrx_word' id='word_1_866' title='bbox 1764 3041 1842 3090; x_wconf 89' lang='lat' dir='ltr'>plus</span> <span class='ocrx_word' id='word_1_867' title='bbox 1860 3039 1904 3076; x_wconf 89' lang='lat' dir='ltr'>C.</span> <span class='ocrx_word' id='word_1_868' title='bbox 1928 3037 2030 3073; x_wconf 85' lang='lat' dir='ltr'>valet.</span> <span class='ocrx_word' id='word_1_869' title='bbox 2066 3036 2112 3094; x_wconf 27' lang='lat'>‘1-</span> 
     </span>
     <span class='ocr_line' id='line_1_129' title="bbox 1165 3094 2112 3136; baseline -0.014 -3"><span class='ocrx_word' id='word_1_870' title='bbox 1165 3097 1247 3132; x_wconf 91' lang='lat' dir='ltr'>dem</span> <span class='ocrx_word' id='word_1_871' title='bbox 1262 3096 1429 3132; x_wconf 84' lang='lat' dir='ltr'>Tartarus</span> <span class='ocrx_word' id='word_1_872' title='bbox 1451 3094 1551 3131; x_wconf 86' lang='lat' dir='ltr'>solvit</span> <span class='ocrx_word' id='word_1_873' title='bbox 1567 3094 1659 3130; x_wconf 87' lang='lat' dir='ltr'>XX.</span> <span class='ocrx_word' id='word_1_874' title='bbox 1685 3103 1818 3128; x_wconf 75' lang='lat' dir='ltr'>carros,</span> <span class='ocrx_word' id='word_1_875' title='bbox 1834 3099 1991 3136; x_wconf 87' lang='lat' dir='ltr'>quorum</span> <span class='ocrx_word' id='word_1_876' title='bbox 2014 3095 2112 3132; x_wconf 78' lang='lat' dir='ltr'>quis·</span> 
     </span>
     <span class='ocr_line' id='line_1_130' title="bbox 1164 3133 2112 3195; baseline -0.014 -12"><span class='ocrx_word' id='word_1_877' title='bbox 1164 3157 1236 3195; x_wconf 89' lang='lat' dir='ltr'>que</span> <span class='ocrx_word' id='word_1_878' title='bbox 1252 3156 1407 3194; x_wconf 88' lang='lat' dir='ltr'>quatuor</span> <span class='ocrx_word' id='word_1_879' title='bbox 1422 3145 1537 3181; x_wconf 84' lang='lat' dir='ltr'>bobus</span> <span class='ocrx_word' id='word_1_880' title='bbox 1561 3143 1713 3180; x_wconf 83' lang='lat' dir='ltr'>trahitur</span> <span class='ocrx_word' id='word_1_881' title='bbox 1729 3138 1825 3175; x_wconf 85' lang='lat' dir='ltr'>mille</span> <span class='ocrx_word' id='word_1_882' title='bbox 1854 3136 2000 3194; x_wconf 79' lang='lat' dir='ltr'>onustos</span> <span class='ocrx_word' id='word_1_883' title='bbox 2015 3135 2051 3172; x_wconf 75' lang='grc' dir='ltr'>δι</span> <span class='ocrx_word' id='word_1_884' title='bbox 2068 3133 2112 3172; x_wconf 88' lang='lat' dir='ltr'>L.</span> 
     </span>
     <span class='ocr_line' id='line_1_131' title="bbox 1165 3185 2112 3242; baseline -0.013 -10"><span class='ocrx_word' id='word_1_885' title='bbox 1165 3207 1302 3242; x_wconf 88' lang='lat' dir='ltr'>equos:</span> <span class='ocrx_word' id='word_1_886' title='bbox 1328 3195 1384 3231; x_wconf 91' lang='lat' dir='ltr'>sed</span> <span class='ocrx_word' id='word_1_887' title='bbox 1407 3193 1547 3231; x_wconf 82' lang='lat' dir='ltr'>forfitan</span> <span class='ocrx_word' id='word_1_888' title='bbox 1561 3204 1605 3229; x_wconf 89' lang='lat' dir='ltr'>ex</span> <span class='ocrx_word' id='word_1_889' title='bbox 1622 3190 1723 3227; x_wconf 88' lang='lat' dir='ltr'>novis</span> <span class='ocrx_word' id='word_1_890' title='bbox 1745 3187 2050 3224; x_wconf 73' lang='lat' dir='ltr'>conventionibus</span> <span class='ocrx_word' id='word_1_891' title='bbox 2074 3185 2112 3221; x_wconf 85' lang='lat'>&amp;</span> 
     </span>
    </p>

    <p class='ocr_par' dir='ltr' id='par_1_12' title="bbox 1164 3234 2113 3581">
     <span class='ocr_line' id='line_1_132' title="bbox 1190 3234 2112 3293; baseline -0.012 -12"><span class='ocrx_word' id='word_1_892' title='bbox 1190 3244 1274 3282; x_wconf 65' lang='lat' dir='ltr'>actis</span> <span class='ocrx_word' id='word_1_893' title='bbox 1295 3245 1402 3281; x_wconf 89' lang='lat' dir='ltr'>hodie</span> <span class='ocrx_word' id='word_1_894' title='bbox 1418 3243 1517 3293; x_wconf 88' lang='lat' dir='ltr'>plus,</span> <span class='ocrx_word' id='word_1_895' title='bbox 1540 3241 1597 3278; x_wconf 89' lang='lat' dir='ltr'>vel</span> <span class='ocrx_word' id='word_1_896' title='bbox 1622 3241 1739 3276; x_wconf 86' lang='lat' dir='ltr'>minus</span> <span class='ocrx_word' id='word_1_897' title='bbox 1764 3234 1876 3271; x_wconf 83' lang='lat' dir='ltr'>solvit.</span> <span class='ocrx_word' id='word_1_898' title='bbox 1918 3236 2031 3284; x_wconf 74' lang='lat' dir='ltr'>Qiod</span> <span class='ocrx_word' id='word_1_899' title='bbox 2048 3244 2112 3271; x_wconf 86' lang='lat' dir='ltr'>me</span> 
     </span>
     <span class='ocr_line' id='line_1_133' title="bbox 1164 3256 2112 3334; baseline -0.019 -2"><span class='ocrx_word' id='word_1_900' title='bbox 1164 3256 1262 3332; x_wconf 65' lang='lat' dir='ltr'>Eitet.</span> <span class='ocrx_word' id='word_1_901' title='bbox 1311 3294 1472 3331; x_wconf 88' lang='lat' dir='ltr'>Veivoda</span> <span class='ocrx_word' id='word_1_902' title='bbox 1489 3289 1660 3327; x_wconf 63' lang='lat' dir='ltr'>Valachioe</span> <span class='ocrx_word' id='word_1_903' title='bbox 1672 3311 1682 3328; x_wconf 84' lang='lat'>‚</span> <span class='ocrx_word' id='word_1_904' title='bbox 1695 3285 1885 3334; x_wconf 84' lang='lat' dir='ltr'>plusquam</span> <span class='ocrx_word' id='word_1_905' title='bbox 1902 3283 2112 3332; x_wconf 70' lang='lat' dir='ltr'>Transylva.</span> 
     </span>
     <span class='ocr_line' id='line_1_134' title="bbox 1166 3334 2112 3390; baseline -0.015 -8"><span class='ocrx_word' id='word_1_906' title='bbox 1166 3355 1216 3380; x_wconf 89' lang='lat' dir='ltr'>no</span> <span class='ocrx_word' id='word_1_907' title='bbox 1231 3344 1263 3380; x_wconf 89' lang='lat' dir='ltr'>se</span> <span class='ocrx_word' id='word_1_908' title='bbox 1275 3341 1524 3390; x_wconf 77' lang='lat' dir='ltr'>conjunxit,L.</span> <span class='ocrx_word' id='word_1_909' title='bbox 1542 3335 1890 3382; x_wconf 67' lang='lat' dir='ltr'>{ommasrasprorum</span> <span class='ocrx_word' id='word_1_910' title='bbox 1922 3334 2112 3383; x_wconf 87' lang='lat' dir='ltr'>pendebat.</span> 
     </span>
     <span class='ocr_line' id='line_1_135' title="bbox 1165 3381 2111 3439; baseline -0.02 -8"><span class='ocrx_word' id='word_1_911' title='bbox 1165 3393 1211 3431; x_wconf 86' lang='lat' dir='ltr'>Et</span> <span class='ocrx_word' id='word_1_912' title='bbox 1233 3393 1305 3430; x_wconf 93' lang='lat' dir='ltr'>hoc</span> <span class='ocrx_word' id='word_1_913' title='bbox 1327 3404 1370 3429; x_wconf 87' lang='lat' dir='ltr'>ex</span> <span class='ocrx_word' id='word_1_914' title='bbox 1394 3391 1469 3439; x_wconf 74' lang='lat' dir='ltr'>ipsis</span> <span class='ocrx_word' id='word_1_915' title='bbox 1492 3385 1677 3424; x_wconf 79' lang='lat' dir='ltr'>Moldavioe</span> <span class='ocrx_word' id='word_1_916' title='bbox 1693 3410 1704 3427; x_wconf 91' lang='lat'>,</span> <span class='ocrx_word' id='word_1_917' title='bbox 1735 3383 1770 3419; x_wconf 85' lang='lat'>&amp;</span> <span class='ocrx_word' id='word_1_918' title='bbox 1794 3381 1973 3421; x_wconf 85' lang='lat' dir='ltr'>Valachiae</span> <span class='ocrx_word' id='word_1_919' title='bbox 1995 3385 2111 3420; x_wconf 82' lang='lat' dir='ltr'>Com-</span> 
     </span>
     <span class='ocr_line' id='line_1_136' title="bbox 1166 3431 2111 3483; baseline -0.013 -3"><span class='ocrx_word' id='word_1_920' title='bbox 1166 3443 1346 3480; x_wconf 88' lang='lat' dir='ltr'>mentariis</span> <span class='ocrx_word' id='word_1_921' title='bbox 1361 3437 1509 3481; x_wconf 75' lang='lat' dir='ltr'>excerpsi</span> <span class='ocrx_word' id='word_1_922' title='bbox 1524 3462 1534 3476; x_wconf 92' lang='lat'>‚</span> <span class='ocrx_word' id='word_1_923' title='bbox 1555 3445 1634 3483; x_wconf 90' lang='lat' dir='ltr'>quae</span> <span class='ocrx_word' id='word_1_924' title='bbox 1648 3432 1779 3470; x_wconf 74' lang='lat' dir='ltr'>diversa</span> <span class='ocrx_word' id='word_1_925' title='bbox 1804 3431 1871 3469; x_wconf 83' lang='lat' dir='ltr'>effe</span> <span class='ocrx_word' id='word_1_926' title='bbox 1888 3434 1931 3469; x_wconf 86' lang='lat' dir='ltr'>ab</span> <span class='ocrx_word' id='word_1_927' title='bbox 1956 3432 2111 3469; x_wconf 85' lang='lat' dir='ltr'>aliorum</span> 
     </span>
     <span class='ocr_line' id='line_1_137' title="bbox 1165 3481 2111 3541; baseline -0.013 -12"><span class='ocrx_word' id='word_1_928' title='bbox 1165 3494 1227 3541; x_wconf 87' lang='lat' dir='ltr'>qui</span> <span class='ocrx_word' id='word_1_929' title='bbox 1250 3504 1291 3528; x_wconf 92' lang='lat' dir='ltr'>ea</span> <span class='ocrx_word' id='word_1_930' title='bbox 1305 3492 1393 3526; x_wconf 91' lang='lat' dir='ltr'>dere</span> <span class='ocrx_word' id='word_1_931' title='bbox 1410 3484 1627 3534; x_wconf 73' lang='lat' dir='ltr'>scripserunt,</span> <span class='ocrx_word' id='word_1_932' title='bbox 1652 3481 1878 3531; x_wconf 89' lang='lat' dir='ltr'>opinionibus</span> <span class='ocrx_word' id='word_1_933' title='bbox 1902 3483 1981 3519; x_wconf 82' lang='lat' dir='ltr'>scio.</span> <span class='ocrx_word' id='word_1_934' title='bbox 2034 3485 2111 3518; x_wconf 77' lang='lat' dir='ltr'>Ha-</span> 
     </span>
     <span class='ocr_line' id='line_1_138' title="bbox 1167 3530 2113 3581; baseline -0.013 -1"><span class='ocrx_word' id='word_1_935' title='bbox 1167 3542 1294 3580; x_wconf 53' lang='lat' dir='ltr'>&amp;enus</span> <span class='ocrx_word' id='word_1_936' title='bbox 1309 3537 1518 3576; x_wconf 57' lang='lat' dir='ltr'>Soranzius.</span> <span class='ocrx_word' id='word_1_937' title='bbox 1565 3532 1708 3574; x_wconf 81' lang='lat' dir='ltr'>Author</span> <span class='ocrx_word' id='word_1_938' title='bbox 1720 3542 1843 3570; x_wconf 86' lang='lat' dir='ltr'>autem</span> <span class='ocrx_word' id='word_1_939' title='bbox 1849 3530 2113 3581; x_wconf 56' lang='lat' dir='ltr'>bethescbtet·</span> 
     </span>
    </p>
   </div>
   <div class='ocr_carea' id='block_1_10' title="bbox 1653 3581 2111 3631">
    <p class='ocr_par' dir='ltr' id='par_1_13' title="bbox 1653 3581 2111 3631">
     <span class='ocr_line' id='line_1_139' title="bbox 1653 3581 2111 3631; baseline -0.002 -9"><span class='ocrx_word' id='word_1_940' title='bbox 1653 3581 1692 3622; x_wconf 85' lang='lat' dir='ltr'>N</span> <span class='ocrx_word' id='word_1_941' title='bbox 1721 3595 1738 3631; x_wconf 79' lang='lat'>3</span> <span class='ocrx_word' id='word_1_942' title='bbox 2000 3582 2111 3629; x_wconf 69' lang='lat' dir='ltr'>hung</span> 
     </span>
    </p>
   </div>
  </div>
 </body>
</html>
