2295 3872
189 247 290 293 puta
305 229 490 282 Coralia,
507 226 692 278 Muscus,
707 226 1073 279 cinnamomum,
1088 229 1134 270 &t

159 312 167 321 ·
188 293 267 333 alia
275 295 471 331 aromata.
494 281 1133 338 sSiquidincommodiestinhoc

187 342 366 398 Imperio
374 370 388 393 ,
397 341 440 381 in
448 338 538 380 illos
554 337 783 391 incumbit,
792 337 865 391 qui
880 335 930 380 Se
943 345 945 347 ’
960 335 1133 378 tentri02

185 399 297 441 nales
314 405 444 450 partes
461 392 869 449 inhabitant,quibus
886 393 928 433 in
958 391 1056 433 nitae
1072 400 1132 434 res

185 452 328 495 desunt
344 480 357 502 ,
374 450 499 491 etiam
517 447 570 490 ad
585 448 742 492 vietum
759 445 979 489 neceffariae
992 476 1008 500 ,
1031 456 1132 501 quas

186 505 354 548 aliunde
362 509 405 548 ὅ(
415 506 438 547 a
446 504 590 547 vicinis
599 513 739 558 petant
745 512 926 556 oportet.
1101 552 1104 553 ⁷

268 559 478 602 Excubant
488 558 650 612 Magno
661 556 785 601 Chan
803 555 1028 598 duodecim
1037 556 1132 598 mil-

184 617 234 659 lia
238 614 551 669 ,aestimaturque
560 611 691 667 ipsum
702 611 888 666 colligere
897 611 1008 666 poffe
1021 612 1132 653 mul-

186 673 233 715 to
242 670 445 727 majorem
456 669 629 724 equitum
639 666 676 721 (1
688 667 729 721 8)
738 676 964 708 'numerum
973 695 986 719 ,
999 666 1132 721 quam

125 739 169 777 ¹3
187 727 290 769 ullus
298 726 397 768 alius
414 724 600 777 Princeps
610 721 741 777 poffit.
798 720 892 776 Ejus
900 721 1053 764 virium
1070 735 1133 763 ra-

187 782 249 825 tio
259 793 340 823 una
350 780 402 822 est
412 777 637 820 multitudo
648 778 876 832 copiarum,
887 789 978 831 quae
986 786 1034 818 'ex
1041 789 1132 817 am-

186 836 388 894 plitudine
396 833 485 876 Diti
490 833 582 874 onis
592 833 602 874 i
607 827 710 887 pfius
719 832 857 885 colligi
867 831 1018 886 potest:
1034 831 1132 872 alte-

125 912 172 951 ¹4
188 905 230 934 ra
239 890 304 944 est,
319 887 609 945 promptitudo
619 897 777 929 eor-um.
806 876 1008 942 Perpetuo
1017 887 1132 927 enim

186 947 309 989 cosin
319 957 393 987 aere
401 942 546 995 habet,
561 955 653 997 quae
661 954 721 984 res
729 951 807 984 ma>
827 944 873 984 ni
889 940 1132 996 compendii

187 1001 252 1044 est.
280 999 512 1043 sicutenim
529 999 571 1040 in
583 997 714 1040 milite
728 997 794 1053 spe
832 996 942 1039 anda
951 996 1131 1051 estagili-

186 1067 246 1099 tas
261 1052 399 1110 potius
415 1084 429 1107 ,
451 1052 578 1108 quam
596 1053 721 1095 robur
737 1067 748 1103 ;
765 1053 820 1095 ita
836 1053 881 1095 in
898 1052 1131 1093 exercitibus

185 1110 310 1166 pluris
337 1108 511 1151 faciendi
530 1107 620 1150 sunt
641 1108 828 1163 prompti
847 1106 1127 1162 expeditique,

121 1192 164 1229 ¹5
215 1166 313 1207 uam
331 1162 586 1220 praegrandes
602 1166 647 1207 &
660 1158 868 1205 numerofi
886 1177 898 1212 3
913 1161 971 1204 Illi
989 1170 1129 1203 autem

202 1221 387 1275 -rincipes
421 1218 545 1261 fortes
572 1216 921 1274 potentiffimique
949 1216 1129 1259 habendi

182 1275 287 1328 sunt,
296 1275 367 1329 qui
376 1275 479 1317 vires
488 1285 660 1329 magnas
671 1272 954 1329 expeditasque
963 1272 1129 1314 habent.

182 1330 285 1375 Sunt
296 1331 409 1372 enirn
419 1330 462 1381 hi
473 1337 672 1384 tanquam
684 1342 707 1370 a
738 1329 843 1382 uilae,
852 1327 1130 1383 tygrides,leo-

119 1408 166 1440 16
182 1384 503 1441 nes,autpardi,
520 1396 612 1439 quae
628 1384 700 1439 qui
732 1396 801 1426 em
817 1383 1010 1437 animalia
1026 1384 1130 1425 inter

181 1442 257 1484 alia
275 1441 552 1496 principatum
569 1439 759 1481 obtinent
771 1468 785 1493 ,
810 1450 901 1480 non
923 1438 981 1480 ob
997 1437 1131 1491 aliud,

181 1496 327 1553 quam,
365 1506 502 1552 ropter
523 1495 748 1550 agilitatem
776 1493 918 1536 robori
947 1493 1130 1548 corporis

181 1551 311 1614 adjun
351 1563 422 1593 am
438 1580 452 1603 ,
469 1549 642 1604 suntque
658 1550 705 1592 iis
722 1548 879 1591 duabus
894 1548 1074 1603 partibus
1091 1560 1131 1590 e-

182 1617 274 1662 quis
287 1637 300 1660 ,
322 1607 445 1660 tauris
460 1635 473 1658 ,
494 1605 652 1647 bubalis
675 1604 882 1659 etiamc'Jue
907 1603 1131 1659 elephantis

123 1678 170 1717 ³7
183 1661 376 1717 quamvis
386 1661 523 1703 multo
533 1659 758 1714 majoribus
767 1657 996 1715 superiores.
1024 1656 1131 1701 Prae-

183 1718 302 1773 cipua
318 1717 419 1769 vero
434 1715 702 1758 Tartarorum
719 1727 832 1757 arma
844 1713 934 1757 sunt
950 1721 1131 1763 arctos&

175 1772 353 1829 sagittae,
368 1771 470 1826 (19)
486 1771 634 1826 quibus
650 1783 740 1812 non
759 1768 900 1813 minus
916 1769 1130 1825 fugiendo,

123 1856 165 1890 18
183 1829 342 1882 quama
373 1825 598 1883 grediendo
612 1834 791 1868 nocent:
820 1824 866 1867 In
912 1826 1023 1868 raelio
1039 1834 1130 1878 non

182 1892 334 1938 congre
352 1884 504 1935 >iuntur
532 1882 725 1923 cominus
755 1889 852 1923 cum
912 1880 997 1922 oste
1023 1910 1037 1934 ,
1064 1879 1131 1923 sed

181 1937 494 1990 nuncafronte,
511 1946 623 1979 nunc
633 1937 765 1979 latere.
820 1934 980 1979 Verum
990 1944 1060 1991 per
1091 1949 1132 1977 e-

181 1993 256 2036 tuo
273 1994 505 2048 sagittarum
522 1988 723 2048 grandine
736 2016 751 2045 ,
767 1989 819 2032 ad
836 1991 1019 2042 modum
1054 2004 1132 2033 ‘ar-

181 2048 369 2097 thorum,
377 2048 558 2090 obruunt
567 2047 597 2089 h
604 2047 719 2089 ostes.
772 2040 869 2100 Post
878 2045 1054 2101 ChIngis‘
1061 2046 1132 2100 (de

183 2116 272 2159 quo
281 2102 393 2157 supra
403 2102 579 2145 diximus
614 2101 913 2156 mortem,ejus
928 2100 1131 2155 Successo-

123 2179 167 2218 ¹9
186 2169 245 2201 res
280 2157 389 2211 Euro
422 2171 491 2200 am
535 2171 558 2199 a
603 2159 771 2209 ixerunt.
837 2157 970 2199 Anno
1015 2157 1130 2199 enim

182 2213 235 2257 M
245 2211 377 2257 CCX
410 2212 436 2255 Ι.
453 2213 689 2268 expulerunt
705 2211 949 2253 Polovvczos
992 2211 1072 2265 20)
1084 2225 1130 2253 ex

181 2268 374 2312 confiniis
383 2264 507 2310 Ponti
516 2264 671 2310 Euxini.
698 2266 830 2309 Anno
840 2265 975 2311 MCC
1017 2266 1130 2310 XIV.

182 2323 432 2379 invafi’runt,
448 2322 692 2378 depraedatz'q‘h
700 2320 970 2377 fimtRuffiam
987 2336 998 2363 .·
1020 2323 1071 2377 (2
1082 2323 1129 2377 1>

181 2382 227 2422 ὅ(
244 2380 376 2421 Anno
392 2376 656 2424 MCCXLI.
673 2376 903 2420 exciderunt
918 2377 1130 2431 Kioviam,

182 2433 484 2477 Ruthenorum
494 2432 790 2488 Metropolim:
809 2431 932 2475 Batus
947 2432 1129 2487 ipsorum

182 2488 438 2543 Capitaneus
461 2487 627 2544 diripuit
651 2486 875 2530 Poloniam
891 2519 903 2537 ,
928 2487 1129 2541 Silefiam,

184 2543 446 2597 Moraviam,
463 2543 731 2599 Hungariam.
759 2538 845 2585 Hac
856 2541 1032 2585 decausa
1071 2552 1131 2585 er-

542 2594 557 2611 Λ

121 2607 171 2637 20
187 2595 390 2643 terrefacti
398 2598 507 2640 Euro
540 2613 561 2640 a
587 2598 826 2640 Innocentius
844 2598 906 2640 IV.
917 2602 955 2653 (2
963 2599 1001 2652 2)
1053 2608 1130 2653 apa

183 2651 319 2699 Anno
329 2612 585 2697 Mccxfin'.
604 2653 657 2695 ad
672 2654 809 2695 aulam
825 2653 972 2715 Magni
990 2652 1131 2697 Chani

182 2709 344 2763 aliquos
354 2707 486 2749 Patres
495 2707 667 2750 Ordinis
680 2707 718 2751 S.
729 2708 949 2751 Dominici
957 2711 1001 2751 &
1010 2707 1039 2750 F
1039 2717 1131 2749 ran-

186 2763 276 2807 cisci
293 2761 400 2806 milit
415 2791 430 2816 ,
452 2773 497 2804 ut
518 2774 664 2817 pacem
679 2762 920 2807 Christianis
939 2763 1132 2818 impetra-

187 2829 291 2863 rent.

295 2871 428 2916 Habet
436 2870 617 2926 Magnus
633 2870 759 2915 Chan
774 2871 997 2915 duodecim
1007 2872 1132 2915 Baro-

185 2940 259 2970 nes
274 2928 427 2969 aulicos
449 2956 462 2979 ,
483 2926 554 2981 qui
571 2926 734 2981 triginta
787 2939 933 2970 uatuor
954 2927 1132 2970 Praefeffl

122 2995 167 3024 ιι
187 2982 277 3026 sunt
287 2981 521 3024 Provinciis.
562 2977 725 3022 Horum
736 2993 763 3022 ο
808 2983 916 3023 cium
928 2982 1132 3035 est,utsm-

187 3038 290 3093 gulis
299 3037 525 3079 Provinciis
534 3034 838 3090 duospraeficiant
847 3035 1080 3089 ReHores‚(2
1088 3037 1131 3092 3)

188 3106 235 3135 ac
245 3093 359 3147 regiis
368 3091 614 3143 exercitibus,
629 3092 670 3132 in
679 3090 779 3132 locis
787 3120 801 3143 ,
818 3091 887 3132 ubi
904 3101 1132 3145 morantur,

188 3159 248 3190 res
258 3146 484 3189 necessarias
502 3144 745 3202 provideant
761 3175 774 3198 ,
790 3148 833 3188 &
851 3145 1044 3200 quicquid
1061 3145 1132 3187 de-

189 3212 374 3255 cernunt,
384 3201 426 3243 id
435 3201 543 3257 Regi
553 3200 747 3243 indicant.
801 3199 835 3242 Is
844 3199 909 3241 sua
918 3201 1131 3243 auetorita-

191 3265 231 3296 te
241 3256 280 3297 id
291 3257 524 3310 confirmat,
534 3255 651 3311 quod
660 3255 715 3298 illi
733 3252 991 3298 statuendum
1008 3252 1131 3297 duxe-

130 3311 177 3338 22
192 3309 282 3351 rint.
310 3311 355 3352 In
366 3311 523 3354 Horam
532 3311 625 3367 (24)
633 3309 788 3353 Tartari
797 3305 1044 3352 dividuntur.
1065 3308 1131 3352 Est

131 3359 177 3395 ²3
194 3373 330 3405 autem
341 3366 481 3407 Horda
497 3376 726 3409 conventus
743 3364 975 3407 multorum
993 3365 1131 3406 homi-

196 3425 300 3457 num
313 3447 325 3468 ,
345 3422 413 3472 qui
435 3421 516 3463 una
543 3421 743 3473 habitant,
764 3424 809 3463 ὅ(
830 3417 938 3474 quali
960 3430 1130 3475 parvam

194 3470 403 3532 quandam
428 3472 750 3530 Rempublicam
775 3475 1024 3518 constituunt
1040 3504 1053 3527 ,
1075 3476 1130 3516 ita

195 3532 454 3585 tamen-mter
470 3528 504 3571 se
520 3528 824 3573 distributorum
835 3561 847 3582 ‚
863 3541 909 3573 ut
924 3529 1129 3573 Decurio-

195 3590 273 3640 nes
284 3578 367 3640 aliis
376 3582 541 3633 quidem
551 3582 837 3640 imperent,ipfi
847 3595 1010 3641 pareant
1018 3584 1131 3629 Cen-

194 3633 548 3691 turiombu8,&hi
562 3636 817 3685 Chiliarchis.
870 3640 975 3686 Sunt
990 3651 1131 3685 tamen

124 581 168 611 12

813 145 1030 211 Casp-aris
1041 143 1236 193 Klockii
1247 145 1304 192 de
1317 148 1504 193 AErario

1187 225 1379 282 quaedam
1390 225 1557 279 Hordae,
1565 237 1658 282 quae
1665 226 1757 270 suos
1766 225 1909 271 Duces
1922 228 2135 285 singulares

1182 281 1424 336 agnoscunt,
1433 281 1626 336 quaedam
1636 293 1778 337 parent
1794 282 2036 327 Moscovitis
2045 315 2059 338 ,
2067 287 2134 329 iis-

1185 336 1266 391 que
1274 337 1511 392 persolvunt
1520 336 1719 379 tributum
1729 350 1917 380 annuum
1928 351 1938 378 :
1948 341 2132 383 maxima

1184 401 1327 433 tamen
1336 404 1476 433 earum
1490 403 1582 446 pars
1599 391 1764 446 Magno
1781 392 1937 436 Chano
1956 392 2133 449 subsunt,

1180 445 1348 502 'ejusque
1357 455 1600 489 venerantur
1608 445 1847 501 Imperium.

1230 545 1234 551 Δ
1292 501 1446 543 Adhuc
1470 500 1689 556 prudentes
1721 502 1796 545 viri
1822 501 1913 557 plus
1937 512 2131 547 metuunt
2153 527 2203 567 24

1183 554 1374 598 Tartaros
1399 557 1527 611 quam
1544 556 1696 598 Turcas
1716 585 1730 609 ,
1784 557 1849 599 uia
1865 557 2020 600 Tartari
2042 557 2134 602 sunt

1182 611 1568 666 Septentrionaliores.
1585 613 1601 666 (
1603 625 1624 652 2
1634 613 1671 664 5)
1689 611 1740 654 Et
1771 622 1845 654 unt
1862 613 1984 654 multi
2000 614 2044 655 in
2054 613 2132 656 hac

1184 666 1386 720 opinione
1395 696 1407 718 ,
1416 666 1669 708 Germaniam
1680 666 1834 708 tandem
1844 666 1869 707 d
1878 667 2050 710 nrcarts
2058 681 2135 710 va-

1173 720 1324 775 statum
1335 722 1397 770 iri,
1407 727 1419 775 ζ
1425 721 1497 776 26)
1508 722 1636 764 &illis
1647 722 1829 776 praedam
1839 723 2034 764 futuram.

1292 773 1426 829 Aliter
1442 775 1593 818 reditus
1613 777 1761 832 Magni
1785 776 1924 821 Chani
1951 778 2133 822 describit

1183 829 1388 873 Martinus
1422 829 1672 874 Broniovius
1706 833 1758 874 de
1785 831 2058 875 Biezdzfedea
2079 833 2134 876 ad

1182 885 1401 928 Tartarum
1418 884 1593 941 Legatus
1610 887 1653 928 in
1662 887 1728 929 sua
1741 886 1934 930 Tartaria.
1963 886 2134 931 Pereco-

1182 942 1260 996 piae
1269 942 1357 996 (ait)
1369 940 1818 996 Cosloviae,Caphae,ac
1826 942 2018 998 aliis,quae
2026 943 2132 986 Tur-

1182 1006 1323 1038 carum
1334 996 1502 1038 ditionis
1509 995 1598 1038 sunt
1607 1025 1622 1049 ,
1635 996 1817 1040 Tauricae
1832 997 1895 1040 seu
1912 998 2132 1052 peninsulae

1182 1051 1432 1095 Civitatibus
1460 1050 1635 1095 Chanus
1663 1052 1869 1094 telonium
1898 1065 2131 1096 commune

1182 1119 1280 1148 cum
1289 1106 1422 1148 Turca
1439 1105 1575 1148 habet.
1604 1105 1977 1150 Contributionem
1993 1109 2016 1150 a
2031 1107 2131 1151 Tar-

1181 1161 1291 1215 taris,
1300 1161 1507 1213 Armenis,
1515 1159 1677 1214 Judaeis,
1687 1159 2130 1218 Cercefiis,Petig0ren-

1180 1215 1298 1269 fibus,
1310 1219 1353 1260 &
1363 1215 1514 1258 Graecis
1531 1214 1790 1270 Christianis,
1803 1216 1946 1260 Turcis
1962 1219 2130 1261 tantum

1181 1272 1354 1326 exceptis
1370 1303 1382 1320 ,
1406 1268 1525 1326 exigit
1542 1271 1584 1312 in
1602 1284 1788 1314 annum:
1809 1271 1951 1315 diebus
1967 1271 2024 1314 fin
2101 1273 2131 1317 ‘s

1180 1326 1338 1371 Chano
1347 1327 1489 1369 thaleri
1498 1324 1865 1383 XXV.Galgae(27)
1874 1327 2014 1370 thaleri
2055 1341 2132 1371 uo-

1182 1381 1318 1424 decim
1335 1395 1430 1424 cum
1449 1381 1620 1424 medio:
1649 1381 1822 1425 Soltano
1839 1381 1967 1425 obfidi
1986 1383 2131 1428 thaleri

1182 1435 1269 1480 duo
1279 1448 1374 1479 cum
1387 1436 1591 1490 medio,ex
1599 1436 1774 1479 Turcico
1781 1438 1920 1481 aerario
1929 1439 1972 1481 in
1982 1438 2130 1494 stipen-

1182 1492 1303 1535 dium
1313 1503 1557 1548 perpetuum
1566 1501 1898 1546 numerantur,ac
1906 1494 2043 1536 eidem
2051 1494 2130 1536 ob-

1181 1547 1253 1591 fidi
1270 1549 1424 1604 pagi&
1440 1560 1462 1589 a
1493 1548 1524 1589 ri
1541 1561 1610 1589 am
1642 1546 1776 1590 liffimi
1791 1548 1845 1590 ad
1860 1548 2050 1591 Adriano
2081 1561 2129 1592 o·

1181 1600 1258 1646 lim
1267 1602 1447 1658 Janbolu
1489 1601 1581 1645 'eiia‘
1628 1615 1721 1645 urca
1730 1603 2026 1647 conceduntur.
2084 1617 2131 1648 u-

1182 1658 1309 1712 cibus,
1318 1657 1498 1713 Cajaceis,
1506 1654 1656 1708 illatrix,
1666 1658 1836 1701 Murzis
1844 1660 1887 1714 (2
1895 1659 1934 1712 8)
1951 1672 1999 1702 ac
2014 1670 2132 1702 caete-

1182 1715 1235 1757 ris
1244 1714 1372 1770 quam
1382 1714 1580 1769 plurimis,
1590 1714 1660 1769 qui
1669 1726 1879 1758 merentur
1887 1744 1901 1768 ,
1914 1718 1959 1758 ὃ(
1968 1727 2044 1770 pro
2052 1714 2132 1758 fin-

1183 1770 1378 1825 gulorum
1407 1767 1652 1811 conditione
1669 1798 1683 1822 ,
1720 1768 1915 1825 stipendia
1966 1780 2130 1825 erpetua

1183 1825 1344 1879 dantur.
1373 1823 1657 1867 Veruntamen
1667 1825 1851 1879 captivos
1866 1824 1916 1867 be
1946 1838 1974 1867 o
1985 1824 2130 1880 captos

1183 1881 1388 1935 Utriusque
1397 1874 1518 1932 sexus,
1535 1879 1657 1934 pelles
1667 1879 1888 1922 nobiliores
1903 1879 1967 1922 seu
1976 1880 2129 1935 pretio-

1183 1935 1302 1978 fiores
1316 1947 1362 1977 ac
1370 1934 1528 1977 viliores
1537 1964 1551 1987 ,
1559 1934 1757 1989 butyrum
1766 1964 1780 1988 ,
1788 1933 1840 1977 sal
1848 1964 1862 1988 ,
1871 1947 1958 1990 quo
1966 1935 2011 1977 in
2019 1934 2128 1977 Tau-

1183 1992 1263 2044 rica
1279 1990 1343 2032 seu
1364 1989 1571 2045 peninsula
1594 1989 1658 2031 ille
1674 1989 1904 2045 plurimum
1924 1989 2130 2044 abundat,

1183 2045 1424 2101 Imperatori
1440 2044 1668 2087 Turcarum
1692 2045 1811 2087 annis
1827 2044 1989 2100 fingulis
2012 2044 2128 2090 Cha·

1183 2114 1262 2154 nus
1283 2102 1479 2156 perpetue)
1496 2099 1652 2155 pendit.
1707 2099 1773 2142 Ac
1788 2100 1833 2142 in
1849 2099 2130 2156 quodcunque

1183 2157 1338 2210 bellum
1349 2155 1486 2198 miffus
1496 2155 1562 2198 vel
1570 2165 1740 2199 vocatus
1749 2154 1880 2209 fuerit,
1891 2154 1990 2198 illud
2000 2154 2130 2198 detre-

1184 2212 1311 2264 &are,
1326 2224 1401 2253 nec
1417 2211 1596 2266 cuipiam
1613 2211 1707 2264 alii,
1731 2221 1871 2265 praeter
1885 2209 2131 2253 Moscorum

1183 2267 1310 2320 Duci,
1318 2265 1566 2322 Imperatore
1581 2265 1809 2307 Turcarum
1825 2264 1949 2307 inscio
1964 2269 2010 2308 &
2025 2266 2130 2308 invi-

1184 2334 1253 2376 to,
1269 2321 1425 2364 bellum
1441 2320 1584 2363 inferre
1608 2319 1749 2375 potest.
1807 2319 1970 2361 Reditus·
1986 2332 2129 2361 annuos

1177 2378 1417 2434 pecuniarios
1424 2376 1443 2417 ὲ
1451 2375 1616 2430 captzvis
1625 2374 1666 2429 (2
1673 2374 1714 2429 9)
1729 2374 2010 2429 infignioribus
2019 2374 2129 2416 bello

1183 2431 1381 2488 acquisitis
1396 2443 1537 2473 aureos
1552 2440 1648 2478 tres,
1666 2429 1946 2471 atenuioribus
1955 2429 2129 2471 talerum

1184 2497 1318 2530 unum
1326 2517 1340 2540 ,
1349 2485 1578 2540 eorumque
1586 2484 1793 2527 decimam
1803 2498 1814 2535 3
1831 2483 1854 2526 a
1866 2483 2051 2526 fontibus
2059 2495 2136 2526 ve·

1184 2544 1232 2586 ro
1247 2542 1409 2597 lingulis
1428 2570 1443 2594 ,
1476 2540 1548 2595 qui
1564 2540 1608 2582 in
1623 2539 1803 2582 Tauricae
1825 2539 1889 2581 seu
1911 2538 2129 2594 peninsulae

1184 2599 1341 2653 campis
1382 2595 1550 2639 ditionis
1578 2589 1660 2650 ejus
1718 2594 1855 2636 lurimi
1889 2593 2129 2636 admodum

1184 2653 1295 2707 sunt,
1312 2664 1468 2707 equum
1483 2660 1617 2693 unum
1632 2649 1654 2691 a
1709 2649 1843 2691 attaris
1860 2645 2033 2692 Chanus
2049 2649 2130 2691 exi-

1185 2710 1258 2764 git,
1271 2719 1339 2750 aut
1348 2713 1516 2762 urgente
1532 2702 1754 2748 necestitate
1769 2698 1903 2759 aliqua
1919 2703 2129 2747 contribu-

1186 2765 1347 2806 tionem
1364 2770 1517 2804 certam
1532 2759 1702 2804 univerfi
1716 2758 1870 2801 Tartari
1886 2757 2041 2803 Chano
2057 2758 2130 2801 de·-

1186 2828 1357 2871 cernunt
1365 2848 1378 2871 ,
1391 2828 1609 2872 nunquam
1619 2824 1758 2858 tamen
1767 2813 1843 2856 illis
1859 2814 2053 2856 onerosus
2062 2813 2129 2857 est.

1185 2874 1421 2929 Infigniores
1435 2871 1591 2914 Tartari
1607 2868 1747 2912 diversi
1762 2870 1918 2924 generis
1933 2869 2129 2911 alimoni-

1187 2941 1255 2970 am
1274 2929 1392 2982 (nam
1409 2928 1444 2970 ei
1452 2938 1543 2968 non
1551 2925 1696 2967 colitur
1711 2935 1787 2965 nec
1802 2923 1938 2966 seritur
1953 2923 2127 2968 domi&

1187 2979 1296 3025 bello
1307 2981 1445 3035 etiam)
1455 2980 1610 3025 Chano
1619 2978 1772 3034 semper
1779 2978 1981 3033 praebent:
1999 2992 2020 3020 e
2051 2990 2128 3020 uo-

1187 3049 1295 3091 rum,
1309 3037 1587 3087 camelorum,
1600 3033 1732 3076 boum
1742 3064 1754 3082 ,
1763 3044 1809 3074 ac
1825 3033 1974 3076 ovium
1992 3033 2004 3075 i
2095 3032 2128 3075 i-

1187 3103 1253 3134 tos
1269 3100 1338 3146 gre
1366 3103 1406 3133 es
1423 3087 1612 3145 proprios
1633 3088 1700 3130 ille
1720 3086 1876 3143 semper
1890 3087 2025 3130 habet.
2078 3084 2127 3130 In

1186 3147 1317 3189 cuden
1350 3156 1373 3186 a
1382 3153 1551 3186 moneta
1560 3142 1844 3185 commodum
1852 3141 1916 3185 seu
1926 3142 2128 3198 quaestum

1183 3198 1437 3244 uberrimum
1455 3198 1598 3249 habet;
1612 3208 1713 3240 nam
1729 3197 1855 3241 tribus
1869 3197 1935 3241 vel
1981 3207 2127 3240 uatuor

1185 3256 1301 3298 annis
1318 3266 1363 3296 ex
1377 3253 1521 3295 eadem
1538 3264 1709 3296 moneta
1747 3264 1840 3308 quae
1854 3252 1899 3294 in
1914 3266 1943 3295 o
1975 3251 2124 3294 'cinam

1185 3308 1462 3353 monetariam
1486 3306 1537 3351 ab
1553 3305 1695 3351 univer
1710 3321 1742 3350 is
1765 3309 2013 3363 importatur
2028 3305 2121 3348 Tar-

1185 3365 1277 3408 taris
1286 3392 1299 3418 ,
1315 3364 1379 3406 vel
1389 3363 1625 3419 peregrinis,
1642 3373 1814 3406 moneta
1830 3374 1943 3404 nova
1956 3363 2121 3404 inventa

1185 3419 1382 3475 perpetuo
1392 3418 1558 3461 cuditur.
1597 3417 1764 3460 Etenim
1781 3418 1823 3460 in
1832 3415 2007 3459 universa
2015 3413 2119 3455 Tau-

1183 3475 1331 3516 ricaseu
1371 3464 2119 3526 eninsulaillaneminilicitumestIQr-

1185 3539 1273 3571 taro
1281 3486 1568 3584 vesseregrino
1578 3528 1701 3571 etiam
1711 3528 1755 3569 in
1763 3527 1986 3569 Turcarum
1995 3520 2116 3564 ditro-

1185 3582 1247 3626 nis
1256 3584 1495 3636 civitatibus,
1505 3583 1573 3626 sub
1582 3584 1739 3644 capitali
1748 3594 1877 3638 poena
1893 3580 2118 3621 bonorum-

1185 3638 1266 3696 que
1282 3638 1568 3687 confiscatione
1582 3668 1596 3693 ,
1616 3649 1779 3693 cujusve
1792 3626 2120 3731 conditionigffilff

2103 3708 2120 3737 2

2151 810 2200 847 25
