2295 3872
179 86 204 118 2
214 91 232 117 2
241 83 267 122 8

169 142 269 184 tiam
276 171 289 190 ‚
304 140 368 196 (4)
376 152 422 183 ac
431 140 616 182 innatam
627 137 958 193 foecunditatem,
967 140 1119 195 partim

170 196 366 239 divinitus
397 193 620 236 immissam
659 207 840 238 annonae
879 197 1087 237 caritatem
1103 223 1118 247 ,

199 251 322 293 artim
352 259 539 290 naturam
557 249 701 311 populi
716 249 870 291 suetam
887 249 1027 304 praelio
1043 278 1056 300 ,
1073 253 1118 292 δε

165 264 392 359 ἕιςίεηῑεηι
416 300 591 357 dissidia,
613 303 734 347 mstar
765 316 894 359 apum
911 333 924 356 ,
956 302 1117 346 diverfis

166 362 200 402 se
216 358 342 401 Orbis
357 356 535 413 partibus
543 355 788 411 infuderint,
805 362 850 402 &
872 358 942 400 fibi
958 358 1117 412 suisque

166 413 296 456 liberis
310 424 444 455 novas
453 411 677 468 quaefierint
703 413 822 455 ledes.
879 412 1035 466 Gothi,
1053 415 1116 455 in-

166 480 315 522 quam,
331 471 376 510 &
391 466 506 511 Sueci
515 467 581 511 vel
590 467 660 510 soli
677 463 874 520 docuere,
892 480 982 509 non
1006 468 1116 523 posse

164 524 201 565 se
217 533 375 578 torpere
391 554 402 571 ‚
426 523 518 565 otio
535 526 581 566 &
593 520 755 574 inertia,
769 522 869 564 cum
892 522 1013 564 instar
1036 536 1115 565 nu-

163 576 530 620 merofiffimorum
553 578 792 619 examinum
817 574 964 620 deserta
974 573 1115 633 patriai,

163 645 254 676 non
273 642 432 676 caeteras
467 632 664 675 duntaxat
679 631 855 687 Europae
871 642 1024 687 partes,
1039 632 1117 688 fid

125 688 176 734 52¹
191 687 281 745 Jc'tm
298 685 771 743 ltaliam,(5)Reginam
779 688 982 742 gentium,
998 687 1113 731 inva-

176 754 315 796 erunt,
329 743 595 785 obtinuerunt
610 771 625 796 ,
643 741 836 796 &longo
853 751 1041 798 tempore
1058 743 1113 786 ibi

161 798 369 850 dominati
393 796 568 840 fuerunt.
631 795 770 855 Qare
785 810 869 839 eam
884 796 1112 852 jornandes

123 868 150 903 ς
163 854 226 910 (6)
249 857 294 897 &
310 862 460 895 veteres
483 850 704 907 Scriptores
727 851 876 894 merito
901 851 1112 908 Vaginam

157 913 204 954 &
219 906 446 953 Officinam
463 904 718 963 populorum
727 907 1032 964 nationumque
1041 921 1112 964 ap-

189 964 368 1006 ellarunt.
423 961 644 1005 Exiverunt
673 962 788 1005 enim
804 962 925 1016 hinc,
940 975 1031 1006 non
1047 964 1112 1005 so-

121 1002 148 1042 7
174 1018 249 1061 um
264 1016 438 1060 bellicofi
453 1017 511 1059 illi
527 1015 671 1071 Suevi,
701 1015 971 1072 Normanni,
994 1017 1111 1061 Van-

155 1071 320 1129 dalique
335 1075 380 1116 &
393 1072 475 1125 alii,
491 1070 638 1115 verum
668 1073 793 1115 etiam
817 1070 1049 1116 domitores
1065 1077 1111 1117 &

155 1139 284 1171 terror
299 1126 738 1181 OrbiS,Gothiaeillius
752 1126 942 1171 Suecanae
951 1128 1039 1170 indi
1069 1141 1110 1170 e-

153 1195 220 1238 nae
230 1186 274 1227 &
282 1195 484 1238 propago,
498 1182 782 1239 Westrogothi
791 1187 836 1226 &
845 1180 1050 1239 Ostrogot
1082 1184 1109 1236 i,

153 1240 227 1294 qui
243 1238 384 1280 multis
400 1236 640 1293 perlustratis
661 1238 794 1293 regnis
809 1241 855 1282 ὅ(
884 1239 1108 1293 provinciis

152 1294 369 1350 plerosque
384 1294 452 1347 (ut
467 1292 575 1348 dixi)
590 1292 767 1349 Europae
792 1294 971 1349 populos
996 1293 1107 1336 bello

151 1348 278 1393 defati
306 1358 438 1391 arunt.
551 1388 555 1392 .

117 1398 140 1434 ⁸
168 1435 171 1438 Α
310 1403 422 1446 abuit
437 1401 608 1452 Gothos,
623 1401 702 1458 (7)
719 1400 1108 1459 Longobardosque

153 1458 509 1504 Italianandalos
524 1458 683 1502 Africa:
704 1458 902 1512 Francos,
917 1458 1107 1515 Burgun-

152 1513 430 1569 dos,Gothos
446 1512 599 1557 Gallia:
623 1513 800 1567 Suevos,
815 1514 998 1568 Alanos,
1015 1513 1107 1556 Go->

152 1571 273 1625 thos,
291 1569 507 1614 Vandalos
536 1567 748 1625 Hispania:
776 1569 955 1613 Saxones
970 1599 985 1623 ‚
1011 1569 1106 1613 An-

180 1626 245 1669 los
259 1656 273 1680 ‚
288 1624 438 1669 Danos
462 1623 685 1678 Britannia.⁴
752 1624 828 1668 Hae
843 1624 943 1669 vero
965 1635 1105 1680 gentes

149 1639 412 1726 &ermamcae
428 1692 580 1724 omnes
587 1679 639 1722 ab
655 1678 869 1736 Aquilone
884 1692 1105 1736 erumpen-

148 1746 208 1787 tes
215 1737 371 1792 ingenti
388 1734 646 1792 populorum
661 1735 792 1780 eluvie
807 1734 988 1788 Italiam,
1003 1733 1104 1778 Gal·

149 1790 251 1836 liam
266 1821 280 1846 ,
302 1790 564 1848 Hispaniam,
579 1790 837 1833 Britanniam
856 1821 871 1844 ‚
897 1789 1104 1840 Africam,

147 1847 291 1892 Afiam
300 1877 315 1901 ,
323 1846 558 1890 Pannonias
565 1875 580 1901 ,
588 1845 815 1900 Noricum,
823 1845 1103 1890 Vindeliciam

147 1907 195 1947 &
222 1903 318 1946 alias
340 1902 572 1958 provincias
596 1901 835 1945 invaserunt.
890 1900 949 1945 Ita
964 1911 1103 1944 muta-

108 1973 136 2014 9
147 1959 374 2012 tisvicibus‚
382 1961 462 2001 &a
470 1955 633 2012 Imperii
648 1956 858 2011 Maiestate
872 1952 1021 2010 eversa,
1059 1956 1101 1999 ui
1160 1973 1164 1976 ·

187 2013 359 2056 oliarunt
373 2042 387 2062 ,
402 2012 585 2061 Romani,
601 2011 669 2067 (8)
686 2010 952 2068 spoliatisunt.
1055 2023 1102 2053 uc

171 2068 281 2125 orsc'zn
289 2067 451 2124 respexit
457 2067 650 2123 Propheta
657 2066 785 2109 dicens
793 2081 803 2108 .·
812 2067 876 2123 (9)
894 2066 960 2108 Ab
972 2068 1103 2122 Aqui·-

147 2122 513 2166 loneomnemalum.
567 2121 972 2179 Hocquoquescopo
990 2135 1102 2165 non·

147 2179 252 2222 nulli
282 2190 420 2221 rerum
447 2177 841 2221 Astronomicarum
879 2178 997 2233 periti
1025 2191 1103 2220 nu-

147 2243 311 2278 merant
341 2243 520 2288 quatuor
556 2233 818 2276 monarchias
849 2246 940 2275 non
963 2233 1102 2276 secun-

147 2289 256 2332 dum
272 2288 600 2344 praedominium
624 2316 639 2342 ,
675 2288 741 2331 led
755 2288 969 2344 ficunddm
1003 2301 1101 2344 qua-

148 2354 239 2386 tuor
254 2343 428 2386 cardines
443 2342 589 2386 mundi.
606 2343 645 2398 (1
654 2343 700 2399 0)
722 2343 861 2386 Prima
879 2344 933 2386 est
948 2343 1101 2387 Orien-

93 2400 260 2452 ¹0talis,
276 2398 557 2455 Affyriorum:
584 2398 757 2442 secunda
787 2398 1073 2442 Meridionalis
1088 2431 1101 2449 ,

147 2453 356 2498 Persarum
379 2457 424 2498 δε
447 2453 693 2497 Graecorum
714 2467 726 2496 :
753 2454 869 2498 tertia
892 2453 1101 2498 Occiden-

144 2509 238 2553 talis
278 2507 609 2553 Romanorum:
637 2521 780 2565 quarta
796 2510 1100 2566 Septentriona-

148 2565 218 2618 lis,
233 2538 314 2608 live
335 2563 514 2607 Borealis
529 2593 543 2618 ,
574 2578 705 2620 quarn
735 2565 953 2608 constituet
982 2565 1101 2609 Deus

116 2646 120 2649 Δ
147 2622 193 2664 in
210 2619 491 2675 Septentrione
514 2633 585 2676 per
599 2620 790 2664 Leonem
810 2620 1101 2677 septentriona-

90 2668 133 2698 ¹¹
150 2676 265 2720 lem:
292 2673 421 2730 quue
444 2688 493 2717 ex
515 2675 669 2733 Speculo
692 2676 881 2731 Mundi,
904 2677 945 2732 (1
959 2677 996 2731 1)
1019 2677 1101 2720 five

149 2730 290 2789 potius
305 2728 533 2773 Harmonia
550 2733 677 2774 trium
692 2732 965 2776 voluminum
980 2761 996 2788 ,
1024 2745 1101 2788 pu-

149 2799 194 2831 ta
216 2786 444 2831 voluminis
468 2784 609 2830 Biblici
633 2787 715 2831 five
737 2784 972 2844 Prophetici
987 2799 1100 2842 ,εοε-

146 2842 254 2887 lestis
277 2841 359 2885 five
378 2839 605 2897 astrologici
628 2872 642 2895 ,
669 2846 714 2886 ὅ(
738 2843 924 2887 Historici
945 2844 1012 2887 seu
1035 2857 1100 2887 ex-

148 2896 451 2954 perimentalis;
469 2907 590 2951 atque
606 2898 661 2940 ita
677 2910 725 2940 ex
740 2898 1100 2954 conjunctionibus

148 2953 231 2997 five
271 2951 599 2995 revolutionibus
651 2953 910 3008 planetarum
942 2953 1100 2998 collatis

147 3020 249 3051 cum
264 3007 447 3050 numeris
470 3003 793 3063 chronologicis
808 3038 823 3062 ,
850 3009 1101 3065 propheticis

148 3067 194 3107 &
217 3062 507 3118 apocalypticis
521 3091 534 3115 ,
554 3064 783 3119 eorumque
807 3065 1099 3120 explicatione,

148 3117 410 3160 historiarum
442 3117 663 3160 collatione
684 3147 699 3171 ,
734 3130 943 3162 novarum
972 3119 1099 3163 stella-

151 3183 248 3213 rum
281 3172 564 3216 observatione
594 3202 607 3221 ,
634 3176 680 3216 &
718 3172 895 3228 denique
926 3186 1099 3217 morum

153 3224 381 3287 hominum
418 3226 664 3282 inspectione
690 3257 704 3280 ‚
741 3228 941 3284 perspicue
971 3230 1099 3271 evinci

144 3278 495 3373 poffbAexfiimant.
526 3282 620 3339 (12)
643 3281 753 3326 Vide
775 3282 998 3327 Danielem
1021 3293 1099 3341 cap.

155 3347 219 3374 12.
292 3347 344 3375 OC.
354 3351 402 3375 20
410 3367 418 3376 .

262 3342 359 3430 lelos
373 3390 495 3434 miffis
513 3392 680 3436 illorum
703 3392 969 3449 opinionibus
1022 3406 1098 3436 un-

146 3441 218 3505 ‘Qa
253 3445 297 3484 ὅ(
322 3455 538 3507 momenta
559 3459 652 3490 tum
666 3449 979 3504 praeteriti,tum
989 3406 1098 3491 gitu-

150 3508 185 3539 tr
201 3507 397 3558 temporis
405 3528 417 3545 ‚
432 3499 548 3542 sollus
558 3502 654 3545 DEI
663 3503 892 3546 definitioni
900 3502 1099 3547 reservan-

151 3560 212 3594 tes
221 3581 234 3604 ‚
241 3551 285 3594 id
292 3578 307 3604 ,
317 3551 434 3605 quod
443 3554 616 3600 instituti
625 3559 759 3602 nostri
774 3560 877 3603 ratio
898 3559 1076 3615 postulat
1084 3587 1099 3613 2

785 67 1000 133 Casparis
1019 67 1212 116 Klockii
1231 68 1288 117 de
1306 71 1491 116 AErario

1174 141 1531 195 prosequemur,&
1546 137 1989 189 AErarium,theiauros
2004 148 2124 194 opes·

1174 196 1254 250 que
1262 192 1402 251 Regni
1411 195 1562 239 Suecici
1571 194 1868 250 indagabimus.

1281 250 1476 300 Quatuor
1505 259 1645 291 autem
1677 249 1759 291 fere*
1793 249 1910 291 rebus
1934 247 2169 291 constant¹2

1170 304 1322 348 reditus
1353 303 1420 348 Re
1452 305 1481 347 's
1503 304 1655 348 Sueciae
1692 304 1896 346 ordinarii.
1977 301 2121 345 Primo

1170 358 1193 400 e
1209 359 1421 403 Metallifo
1453 359 1543 402 inis.
1598 356 1791 402 Secundo
1821 357 1844 400 e
1873 357 2053 400 Tributis
2076 360 2121 400 &

1170 413 1340 458 decimis
1356 414 1550 457 frumenti
1566 444 1580 466 ,
1598 413 1809 456 alimoniae
1824 412 1965 455 omnis
1980 443 1993 461 ,
2008 411 2119 467 pelli-

1168 482 1245 512 um
1261 499 1275 523 ,
1307 471 1624 524 caeterarumque
1645 480 1806 521 rerum,
1830 469 1917 523 quo
1941 467 2117 509 referun-

1168 534 1236 566 tur
1250 525 1376 567 etiam
1393 525 1577 586 portoria
1592 526 1638 567 &
1668 523 1877 566 donativa.
1931 521 2073 564 Tertio
2096 522 2120 564 e

1168 577 1560 624 Contributionibus
1599 578 1813 621 arbitrariis
1856 581 1901 622 &
1943 587 2118 632 extraorf
2137 594 2174 630 ¹3

1168 632 1341 678 dinariis.
1383 632 1600 677 Postremo
1618 663 1632 687 ‚
1650 635 1674 676 e*
1688 633 1958 689 proventibus
1982 631 2120 675 bonoss

1168 701 1263 732 rum
1280 687 1655 732 Ecclefiasticorum.
1710 687 1745 731 E
1760 687 1913 731 fodinis
1926 699 2017 730 non
2026 699 2123 730 mo-

1166 742 1225 786 do
1233 757 1283 786 cu
1316 755 1424 796 rum,
1434 742 1600 797 ferrum,
1609 743 1836 798 plumbum
1854 742 2022 798 copiose
2030 753 2125 784 eru-

1165 799 1258 853 itur,
1282 798 1334 841 ed
1345 799 1471 841 etiam
1479 808 1712 861 argentum,
1721 799 1999 854 &pauxillum
2016 796 2123 840 auri-⁷

1273 853 1476 909 Regnum
1485 867 1599 896 enim
1608 852 1692 896 hoc
1701 854 1969 906 minerarum‚
1978 853 2123 909 plum-⁷
2132 863 2146 890 ¹
2152 863 2179 899 4

1165 907 1488 962 bi&aeri5,adeo
1505 908 1619 951 dives
1635 909 1690 951 est
1705 940 1717 957 ,
1734 919 1779 952 ut
1807 909 1918 952 nulla
1941 908 2118 964 Europae

1163 965 1277 1019 regio
1315 963 1417 1006 illud
1448 963 1626 1019 superare
1657 964 1882 1007 aestimetur.
1963 963 2116 1018 [Ibique

1155 1020 1273 1116 prfroe
1293 1019 1526 1075 deteguntur
1545 1019 1640 1073 (13)
1657 1020 1865 1074 utriusque
1888 1017 2007 1074 hujus
2024 1032 2118 1064 met

1164 1084 1203 1116 ta
1235 1075 1247 1116 i
1264 1087 1399 1124 venae,
1438 1085 1650 1129 uanquam
1660 1073 1790 1116 rustici
1799 1086 1863 1116 eas
1873 1074 1977 1116 forte
1985 1086 2116 1129 reper-

1164 1140 1222 1172 tas
1231 1130 1400 1172 summo
1408 1088 1541 1170 fludio
1550 1128 1767 1182 occulunt,
1786 1141 1839 1170 ne
1855 1129 1993 1170 labore
2008 1128 2050 1171 in
2067 1129 2117 1171 iis
2133 1155 2145 1179 1
2155 1154 2177 1192 ς

1162 1183 1440 1240 perfodiendis
1467 1183 1732 1226 distineantur
1746 1213 1761 1237 ,
1786 1193 1855 1225 aut
1877 1183 2115 1227 convehen-

1162 1240 1224 1282 dis
1239 1239 1293 1282 ad
1317 1239 1630 1283 defaecationem
1647 1238 1767 1294 lignis
1790 1238 2008 1294 fatigentur
2023 1267 2037 1291 ‚
2061 1235 2119 1281 ad*

1162 1294 1279 1350 quod
1296 1293 1469 1350 quidem
1491 1293 1747 1337 servitiorum
1772 1306 1899 1349 genus
1927 1292 2114 1349 obligan-

1162 1360 1237 1393 tur.
1291 1350 1550 1392 Minerarum
1588 1347 1691 1393 vero
1738 1349 1884 1404 aliquae
1921 1346 2114 1403 impensis

1161 1405 1289 1461 Regis
1306 1403 1557 1448 effodiuntur
1563 1403 1733 1459 ,aliquae
1755 1405 2006 1460 privatarum
2021 1413 2112 1458 per-
2122 1411 2174 1447 ἰε

1160 1461 1364 1503 sonarum.
1433 1459 1597 1502 Illarum
1645 1458 1842 1514 quicquid
1894 1457 2114 1511 effoditur²

1160 1515 1253 1559 Rex
1270 1515 1420 1567 habet3
1447 1515 1598 1557 harum
1615 1527 1705 1556 non
1714 1514 1854 1557 minus
1877 1515 2007 1569 quam
2036 1513 2111 1556 fili-

1158 1572 1264 1627 ginis
1278 1603 1292 1620 ,
1308 1569 1525 1623 frumenti,
1547 1568 1903 1632 horden-piscium
1920 1599 1934 1623 ‚
1949 1568 2084 1612 boum
2098 1596 2114 1622 ,

1158 1627 1350 1683 pellium,
1372 1624 1591 1680 rerumque
1616 1625 1811 1667 fimihum
1826 1657 1839 1675 ,
1855 1622 2112 1681 consequitur
2179 1619 2202 1634 ‘⁸

1157 1692 1319 1737 partem
1336 1678 1560 1722 decimam.
1615 1679 1764 1722 Trium
1773 1682 1860 1722 aeris
1868 1678 2110 1722 fodinarum
2130 1690 2171 1728 17

1157 1735 1319 1780 decima
1336 1749 1427 1791 pars
1434 1766 1447 1785 ,
1456 1747 1548 1791 quae
1557 1733 1685 1791 Regis
1694 1735 1748 1777 est
1756 1765 1769 1788 ,
1779 1734 1932 1777 accedit
1940 1734 1993 1777 ad
2001 1733 2116 1777 sum-‘-

1157 1804 1277 1835 marn
1286 1791 1451 1847 triginta
1460 1791 1639 1838 millium
1649 1790 1826 1833 Thalero
1831 1803 1923 1833 rum
1932 1800 2112 1845 quotan-

1155 1849 1238 1945 31⁵²
1288 1846 1389 1943 Incff
1401 1845 1604 1902 judicium
1618 1845 1670 1888 de
1685 1850 1914 1902 argent0‚&
1930 1844 2110 1902 plumbo

1185 1916 1240 1946 eri
1278 1911 1348 1944 ote
1382 1932 1393 1943 .

1248 1915 1503 2014 pArgentum
1527 1954 1787 2013 puriffimum
1808 1958 1853 2000 δέ
1868 1952 2114 2001 defaecatiffi-

1155 2024 1302 2062 mum,
1324 2012 1428 2056 nulli
1450 2012 1517 2055 alii
1538 2013 1790 2068 permixtum
1807 2012 1994 2065 metallo,
2008 2012 2172 2064 erui-32

1155 2079 1222 2111 tur
1242 2068 1458 2124 Selburgii,
1473 2069 1591 2123 quod
1607 2067 1813 2124 oppidum
1831 2067 1886 2108 est
1907 2067 1951 2109 in
1968 2064 2113 2120 Vestro-

1146 2122 1264 2177 siensi
1275 2125 1491 2176 Comitatu,
1502 2123 1595 2179 (14)
1612 2137 1659 2165 ex
1670 2135 1755 2177 quo
1766 2122 1972 2165 cuduntur
1984 2121 2113 2168 numi

1155 2177 1354 2222 craffiores
1372 2178 1453 2222 five
1468 2178 1632 2221 Thaleti
1651 2177 1825 2230 Suecici‚
1850 2189 2034 2233 quorum
2048 2177 2109 2224 ob

1154 2236 1377 2290 puritatem
1415 2234 1571 2276 metalli
1612 2236 1657 2278 ὃς
1709 2234 1861 2289 argenti
1890 2231 2110 2288 abfialutam

1179 2286 1427 2345 erfhd‘h‘onem
1451 2287 1544 2344 (15)
1568 2288 1891 2331 commendatur
1913 2288 2109 2342 probitas.

1203 2357 1262 2389 ter
1299 2356 1512 2400 argenteos
1556 2355 1714 2386 numos
1751 2341 1917 2396 majoris
1960 2342 2077 2397 pretii
2093 2371 2111 2406 2

1155 2412 1298 2457 praeter
1320 2400 1518 2444 Thaleros
1540 2398 1745 2442 cuduntur
1775 2399 1900 2441 etiam
1916 2397 2004 2452 alii,
2034 2409 2108 2454 qut

1155 2455 1306 2519 partim
1323 2453 1626 2498 iemithalerum
1641 2483 1656 2508 ,
1679 2452 1830 2510 partim
1853 2461 2044 2509 quartam
2065 2464 2110 2496 e-

1154 2524 1216 2567 jus
1231 2521 1391 2567 partem
1407 2509 1680 2552 constituunt:
1697 2519 1742 2553 ut
1757 2512 1803 2552 &
1815 2507 1882 2551 alii
1890 2537 1904 2562 ,
1921 2519 2107 2564 quorum

1154 2568 1197 2610 in
1207 2563 1529 2622 frequentiffimo
1537 2561 1607 2608 usu
1622 2565 1714 2608 sunt
1723 2564 1764 2618 ii,
1781 2563 1852 2620 qui
1875 2563 2016 2607 triceni
2039 2562 2108 2609 vel

1154 2622 1242 2665 bini
1265 2634 1400 2664 unum
1415 2619 1639 2663 Thalerum
1663 2619 1899 2662 conficiunt.
1953 2616 2013 2662 Ex
2035 2630 2108 2664 cu·

1153 2689 1232 2735 pro
1246 2681 1291 2721 &
1307 2687 1384 2719 aere
1396 2705 1411 2730 ,
1424 2674 1541 2731 quod
1558 2688 1605 2718 ex
1627 2674 1784 2718 duabus
1809 2673 1974 2717 tantum
1997 2671 2106 2717 fodi-

1153 2734 1218 2777 nis
1236 2732 1474 2781 extrahitur,
1495 2730 1588 2774 Rex
1608 2743 1680 2786 per
1694 2730 1784 2774 haec
1799 2740 1990 2785 tempora
2004 2727 2104 2773 ML.
2123 2718 2136 2743 ¹
2142 2719 2171 2752 ³

1154 2789 1386 2887 Squiponlels
1401 2787 1482 2832 five
1487 2785 1673 2843 scipundt
1688 2812 1704 2840 ,
1719 2789 1764 2829 &
1780 2783 2005 2841 aliquando
2013 2797 2106 2828 am-

1184 2844 1260 2888 hus
1273 2855 1325 2887 co
1359 2845 1366 2851 '
1397 2844 1439 2886 it.

1154 2857 1184 2902 p
1261 2857 1396 2943 Valetg
1398 2909 1538 2941 autem
1553 2894 1710 2952 Squipo
1717 2906 1823 2938 unus
1839 2896 2004 2952 triginta
2011 2896 2107 2940 mil-

1154 2955 1207 2999 lia
1226 2953 1490 2999 thalerorum.
1544 2952 1686 3008 Atque
1703 2965 1749 2993 ex
1765 2948 2018 2995 abundantia
2041 2952 2105 2996 di·

1153 3011 1311 3055 &arum
1326 3008 1565 3051 fodinarum
1589 3005 1656 3061 fit,
1692 3018 1738 3049 ut
1772 3019 1862 3050 non
1898 3007 2036 3050 modo
2051 3006 2105 3050 ad

1153 3063 1400 3112 muniendas
1415 3073 1522 3105 arces
1537 3093 1550 3112 ,
1573 3061 1639 3104 sed
1664 3063 1789 3104 etiam
1821 3062 1876 3105 ad
1905 3061 2104 3105 armanda
2117 3063 2168 3092 20

1152 3119 1317 3176 navigia
1334 3129 1404 3161 ma
1434 3129 1511 3160 nus
1537 3118 1754 3173 reperiatur
1786 3128 1984 3168 numerus
2019 3127 2106 3161 tor-

1152 3185 1396 3218 mentorum
1449 3172 1661 3215 ellicorum
1679 3201 1693 3226 ,
1728 3184 1912 3228 quorum
1940 3172 2104 3225 summa

1152 3231 1257 3274 ultra
1272 3225 1370 3271 οᾶο
1387 3228 1514 3270 millia
1530 3227 1740 3270 ascendere
1754 3228 1924 3280 dicitur,
1946 3239 2040 3284 quae
2053 3238 2102 3269 ex

1151 3281 1412 3329 aereconflata
1434 3282 1551 3333 sunt;
1586 3282 1801 3338 ipsumque
1824 3283 1962 3326 multo
1986 3282 2098 3338 plura

1150 3338 1351 3383 conficere
1359 3336 1470 3393 poffe
1477 3336 1735 3392 aestimatum
1744 3336 1878 3394 major
1885 3338 2013 3381 statuti
2026 3348 2099 3378 co·

1151 3396 1219 3453 pia
1227 3393 1463 3491 susspetqret.

1315 3446 1397 3490 sola
1406 3460 1493 3491 arce
1502 3460 1542 3491 re
1571 3449 1608 3491 ia
1616 3442 1945 3492 Stockholmenfi
1952 3456 2098 3487 nume-
2112 3464 2132 3493 2
2140 3465 2157 3492 ι

1152 3514 1292 3547 rantur
1313 3503 1519 3547 machinae
1542 3461 1677 3547 {ufiles
1703 3503 2029 3560 quadringentae,
2052 3500 2098 3541 in

1152 3559 1300 3615 quibus
1313 3558 1458 3603 multae
1466 3558 1659 3614 duplices,
1666 3570 1712 3602 ut
1727 3566 1948 3609 vocantur,
1967 3554 2101 3652 p‘lgffis
