2295 3872
640 92 699 141 ad
712 89 901 140 Kloc'kii
916 89 1047 138 Libri
1063 90 1087 141 1.
1101 91 1472 156 Caputxxvlll.

1960 107 2058 147 389

116 174 168 210 :ita
177 172 328 208 omnino
337 180 436 209 extra
445 171 549 214 oleas,
560 171 611 208 uti
621 169 947 212 videtunferemur,
963 168 986 203 si
997 168 1070 205 Le-'
1106 168 1183 224 [ἐς.
1196 170 1443 207 Xenodochiis
1460 167 1606 206 Feffanie
1624 167 1713 207 nihii
1737 170 1824 208 oiim
1836 166 2063 219 'opulentius’

119 224 198 258 onis
207 221 303 257 testis
319 221 470 258 ocularis
478 220 748 269 descriptionem
763 217 901 254 Leeiori
924 217 1061 253 curioso

121 270 280 308 hocloco
291 271 521 307 exhibeamus
531 283 540 310 x
551 270 598 306 ita
610 279 728 304 autem
738 267 797 305 ilie
813 267 857 302 de
865 277 907 304 ea
924 267 1061 314 inquit3

121 321 312 356 Summum
324 321 359 356 in
371 321 440 356 hoc
448 321 581 368 oppido
589 317 764 365 templum
774 341 783 354 ,
793 320 994 352 Carauven
1004 326 1061 362 ap-

121 369 270 418 pelatur,
281 369 400 418 estque
410 379 516 405 tanrae
531 365 781 416 magnitudinis
790 389 799 405 ,
813 374 853 399 ut
862 363 896 398 in
908 363 1060 399 circuitu

122 418 398 467 linqui-mimate
420 417 492 454 fere
510 418 688 453 contineat
703 427 719 458 ,·
744 413 885 460 triginta
901 412 935 447 δι
951 424 1060 448 unam

123 469 228 504 ha'oet
237 467 385 503 visendae
393 465 641 515 magnitudinis
653 472 758 511 atque
775 461 968 497 altitudini-³
980 473 1063 509 por-

122 526 183 553 tas.
232 514 656 564 Te&uminlongitudine
665 521 810 548 centum
831 510 864 546 ὃ(
882 512 1062 558 quinqua-

122 568 219 615 ginta
243 567 335 613 capit
358 566 483 600 cubita.
533 562 671 598 Etrusca
682 585 691 597 ‚
708 560 744 595 in
768 558 955 595 latitudine
973 558 1062 596 vero

124 615 202 663 pius
213 617 331 650 minus
347 612 562 661 octuaginta.
615 609 736 653 Huius
747 609 959 648 turris‚unde
967 608 1062 656 plus-

122 676 143 710 q
151 676 229 699 uam
241 664 407 698 stentorea
415 671 504 697 voce
513 658 556 695 ad
566 659 778 695 concionem
789 667 938 694 vocatur
947 669 1043 705 popu
1050 676 1062 684 -

124 710 362 752 lus,altiffima
371 710 430 745 est.
478 708 518 744 In
530 708 714 744 latitudine
729 707 873 754 viginti,
893 708 928 742 in
948 707 1062 755 longi-

122 761 245 797 tudine
254 758 337 795 vero
349 759 489 807 triginta
498 758 661 793 innititur
670 756 857 792 columnis.
906 756 957 791 Ex
979 756 1060 793 Ori-

123 819 220 849 ente,
239 807 381 842 Meridie
390 831 398 843 ,
416 816 525 855 atque
535 805 732 842 Occidente
743 804 990 841 deambulacra
999 806 1059 841 ha-

122 860 198 900 bet,
209 867 362 905 quorum
372 854 560 903 longitudo
574 855 803 904 quadraginta
812 880 821 896 ‚
839 853 988 890 latitudo
997 866 1058 890 au-

123 917 194 942 tem
204 907 344 953 triginta
357 906 452 953 capit
462 905 591 941 cubita.
641 904 706 940 His
730 903 878 951 subjecta
895 902 944 940 est
968 903 1057 939 cella

119 954 295 1004 quaedam,
312 953 348 989 in
358 965 426 1002 qua
434 953 554 989 oleum
572 952 732 1002 ,lynchni
744 952 905 1000 pensiles,
922 953 1062 996 storeae,

119 1003 298 1052 aliaqueid
315 1014 427 1051 genus
445 1002 580 1051 templo
605 1001 789 1039 neceffin·ia
802 1002 994 1038 recondere
1014 1003 1063 1038 so-

118 1052 202 1089 lent.
251 1051 292 1087 In
309 1053 377 1088 hoc
393 1051 528 1101 templo
540 1051 679 1101 lingulis
696 1050 860 1088 noctibus
877 1051 1061 1088 DCCCC.

118 1101 542 1148 accendunturiucernae3
562 1101 670 1137 habet
680 1103 776 1138 enim
794 1100 944 1149 quilibet
960 1112 1064 1138 arcus

119 1151 178 1187 sua
201 1150 361 1198 lampada
387 1177 396 1192 ,
422 1160 529 1195 atque
547 1150 568 1186 ii
594 1151 780 1199 praesertim
797 1175 807 1193 ‚
823 1151 884 1198 qui
907 1161 970 1198 per
990 1161 1064 1186 me·

119 1200 219 1236 dium
237 1199 335 1235 chori
346 1200 597 1236 extenduntur.
645 1199 814 1248 Reperies
839 1199 872 1234 ὃ(
889 1199 1063 1246 quosdam

120 1260 245 1291 arcus,
269 1249 331 1297 qui
363 1248 485 1297 iinguli
501 1258 648 1286 centum
664 1248 698 1284 ὃ(
721 1250 977 1297 quinquaginta
998 1249 1062 1284 ha-

119 1299 207 1334 bent
222 1298 403 1334 lucernas:
430 1300 515 1334 item
531 1297 715 1334 luminaria
730 1300 892 1346 quaedam
907 1298 1062 1334 maxima

120 1358 165 1383 ex
181 1357 246 1383 :erc
270 1346 447 1394 conflata3
469 1358 546 1396 quae
571 1346 714 1383 mille&
737 1348 945 1396 quingentas
967 1349 1061 1396 capi-

121 1408 188 1432 unt
199 1395 376 1438 lucernas,
401 1407 479 1445 quae
493 1407 537 1432 ex
552 1397 731 1443 campanis
744 1396 907 1433 confecia
924 1394 1057 1440 ferunt,

121 1445 323 1482 Christianis
339 1445 424 1481 oiim
440 1446 459 1480 a
475 1444 613 1481 Fessano
629 1446 727 1493 Rege
743 1447 926 1493 ademptis.

172 1498 211 1541 (2
216 1496 252 1539 9)
281 1496 455 1546 Qorum
464 1493 648 1544 MMferi
659 1484 813 1545 stragulis
829 1494 942 1531 annis
956 1490 1059 1543 effa]

118 1542 200 1579 lma,
209 1569 218 1586 ‚
245 1543 304 1578 nifi
313 1546 348 1578 in
359 1542 477 1580 Leone
485 1543 547 1579 lib.
555 1553 762 1593 3.pag.272.
775 1543 876 1580 subsit
885 1544 1061 1580 mendum

119 1592 428 1677 ii‘ypographicum
439 1617 450 1631 ‚
474 1592 560 1629 duas
574 1593 747 1641 myriades
763 1602 824 1630 aut
838 1593 962 1642 viginti
985 1592 1063 1631 mil·

136 1653 176 1678 ia.

484 1693 596 1728 Num.
621 1693 677 1727 26.

169 1741 246 1784 (30)
272 1737 573 1778 Xenodochiorum
588 1739 677 1789 Feffe
686 1735 800 1788 ότι]
816 1739 1016 1790 Qomodo
1026 1740 1061 1778 id

120 1788 212 1825 factu
221 1802 254 1825 m
266 1789 315 1827 sit,
327 1790 429 1825 docet
441 1791 547 1825 toties
564 1790 583 1825 a
596 1792 698 1826 nobis
713 1789 873 1827 laudatus
882 1789 1061 1839 Johannes

118 1837 194 1876 Leo
205 1839 396 1876 Africanus
409 1840 451 1875 in
461 1837 755 1889 defirtpt.Africae
763 1838 826 1876 lib.
840 1849 962 1891 3.pag.
977 1843 1057 1881 286.

1117 220 1244 268 mquit
1253 245 1262 258 ,
1280 221 1470 268 excogitari
1488 220 1654 267 potuisses
1662 246 1673 264 ,
1696 221 1822 257 verum
1840 231 1886 256 eo
1893 228 2064 267 terrpore·

1117 279 1191 315 quo
1201 268 1404 305 Sabidicum
1414 269 1532 304 adhuc
1541 270 1729 317 gerebatur
1737 270 1870 305 bellum
1879 294 1888 309 ,
1909 267 1993 304 cum
2014 266 2064 302 in-

1116 318 1211 364 genti
1228 320 1462 365 pecuniarum
1482 317 1618 354 summa
1636 328 1754 366 egeret
1766 319 1850 354 Rex,
1863 330 1934 354 nov.
1945 316 2064 353 desue-

1117 367 1275 414 runt‚qui
1285 377 1326 403 ut
1334 366 1655 403 xenodochiorum
1665 368 1870 403 divenderet
1879 368 1971 403 bona
1984 367 2064 402 hor·

1116 416 1178 449 tati
1190 415 1223 450 su
1229 425 1276 450 nt.
1301 417 1412 463 Quod
1422 416 1482 452 ubi
1494 415 1635 464 populis
1644 417 1846 463 permittere
1859 415 1967 458 nolet,
1976 416 2063 452 Ora-

1116 472 1173 499 tor
1183 463 1315 513 Regius
1330 477 1371 501 ea
1388 465 1509 501 omnia
1519 466 1613 500 bona
1624 466 1667 499 ab
1676 465 1785 507 hujus
1793 464 1897 514 Regis
1908 466 1981 500 avis
1994 476 2064 512 arq3

1117 514 1257 560 proavis
1265 514 1343 550 data
1352 514 1486 563 populo
1496 512 1656 562 persuasit
1667 541 1673 551 .
1690 515 1838 561 proinde
1856 512 1970 549 multo
1981 525 2064 560 prae·

1118 561 1261 597 stantius
1270 562 1335 598 effe
1344 590 1354 606 ,
1371 563 1425 599 his
1441 563 1652 611 periclitanti
1663 573 1848 598 occurrere
1858 560 2065 612 Regi,qu1fi—

1117 612 1194 645 nito
1214 610 1305 647 bello
1318 613 1439 648 omnia
1450 611 1547 648 brevi
1559 622 1763 659 recuperare
1773 610 1898 659 posset,
1908 612 2015 658 quam
2026 622 2065 646 0-

1117 670 1219 695 mnes
1230 660 1333 708 Regis
1352 662 1510 697 fortunas
1520 663 1553 697 in
1564 661 1748 697 discrimen
1758 660 1941 696 adducere.
1966 659 2064 696 Ven-

1116 709 1198 744 ditis
1216 709 1321 756 igitut
1340 712 1526 753 omnibus,
1545 709 1621 746 Rex
1638 710 1734 758 prins
1750 711 1939 745 immatura
1949 719 2066 745 morte

1115 757 1262 800 interiit,
1276 758 1384 805 quam
1393 760 1490 808 quod
1499 759 1616 795 eratin
1626 759 1748 794 animo
1757 757 1933 794 absolvere
1942 768 2067 806 potue-

1112 806 1159 842 rit
1172 818 1184 852 3
1208 818 1317 855 quare
1338 808 1440 844 bonis
1459 810 1625 844 omnibus
1640 808 1803 844 destituta
1822 808 2066 843 remanserunt

1111 855 1350 891 Xenodochia
1360 857 1424 893 &cx
1473 857 1576 893 Adeo
1593 858 1700 893 etiam
1715 858 1808 906 apud
1819 856 1991 898 infideles,
2003 854 2066 902 qui

1119 903 1219 940 sacris
1235 905 1349 941 ufibus
1370 906 1538 941 destinata
1566 907 1673 942 abusu
1698 906 1885 955 profanant
1901 934 1908 948 ,
1933 907 2066 947 Divina

1118 952 1276 989 Nemesis
1303 956 1498 1002 impunitos
1515 956 1609 991 abire
1619 967 1690 991 non
1701 957 1789 992 finit.-
1820 956 1885 990 bed
1894 955 1938 991 de
1951 955 2066 992 hisin-

1117 1002 1225 1039 ferius
1235 1002 1336 1038 latior
1345 1005 1482 1040 dicendi
1494 1005 1556 1040 sese
1566 1005 1698 1052 aperiet
1707 1016 1854 1053 campus

1166 1054 1201 1099 (3
1219 1052 1251 1098 ι)
1276 1049 1369 1100 Joh.
1378 1056 1527 1089 Leonem
1536 1054 1759 1101 Africanum
1771 1050 1836 1094 &c
1855 1057 1868 1099 j
1885 1051 2066 1101 Johannes

1118 1099 1194 1137 Leo
1205 1127 1215 1139 ‚
1235 1102 1343 1150 vulgo
1360 1103 1506 1151 quidem
1523 1103 1720 1151 appellatur
1728 1103 1932 1139 Africanus,
1944 1112 2066 1137 revera

1117 1161 1240 1186 autem
1252 1150 1476 1188 Granatenfis
1487 1152 1566 1188 fuit.
1620 1152 1711 1190 Hic,
1729 1161 1877 1188 notante
1891 1149 2014 1187 Voffio
2024 1150 2067 1186 de

1117 1198 1302 1247 [istoricis
1310 1201 1443 1237 Latini
1447 1214 1470 1238 r,
1481 1201 1590 1250 patria
1598 1202 1639 1237 ab
1654 1201 1813 1251 Hispanis
1824 1212 1913 1237 occu
1919 1200 1995 1248 pata
2006 1224 2014 1239 ‚
2029 1201 2066 1236 in

1117 1250 1367 1285 Mauritaniam
1384 1250 1543 1298 profugit
1553 1275 1561 1287 ‚
1581 1250 1614 1286 δ’
1633 1250 1730 1286 Feffae
1748 1261 1892 1299 operam
1911 1249 2067 1285 Arabicae

1116 1296 1245 1346 linguae
1255 1298 1351 1334 dedit
1372 1300 1507 1335 Bonam
1518 1309 1653 1347 partem
1666 1300 1814 1348 Europae
1823 1326 1832 1342 ,
1843 1298 1876 1335 8<
1887 1300 2066 1334 minorem

1115 1348 1245 1386 Asiam,
1257 1347 1291 1383 &
1300 1359 1450 1384 omnem
1465 1349 1574 1396 prope
1583 1349 1740 1385 Africam
1751 1348 1910 1385 lustravit
1922 1348 2012 1393 ,ejus
2026 1346 2067 1383 fi-

1112 1406 1194 1433 tum
1206 1426 1213 1438 ,
1225 1396 1405 1433 intervalla
1415 1423 1423 1438 ‚
1438 1398 1505 1434 loci
1521 1397 1763 1435 &incolarum
1778 1408 1940 1434 naturam
1951 1396 2067 1433 obser·

1111 1445 1252 1484 vavit‚&
1261 1447 1411 1482 Arabiee
1426 1459 1492 1483 con
1498 1447 1632 1495 scripfit.
1642 1447 1800 1483 Tandem
1810 1447 1905 1492 juxta
1915 1444 2067 1483 Insulam

1114 1494 1223 1532 Zerbi
1241 1506 1365 1545 captus
1381 1497 1400 1531 a
1413 1496 1550 1539 Piratis,
1559 1496 1724 1532 LeoniX.
1734 1495 1836 1532 Pont.
1848 1497 2000 1532 donatus
2007 1494 2069 1538 est,

1117 1546 1178 1593 qui
1187 1557 1282 1586 eum,
1293 1545 1339 1581 ob
1349 1547 1526 1595 egregiam
1538 1545 1936 1582 eruditionemhonesse
1945 1546 2067 1580 admo-

1117 1594 1206 1630 dum
1217 1595 1339 1631 habuit
1350 1608 1362 1640 ς
1377 1596 1410 1630 v&
1423 1596 1519 1638 curn,
1531 1594 1824 1631 Muhammedica
1833 1594 2002 1642 religione
2010 1594 2068 1630 de-

1117 1642 1201 1680 serta
1209 1668 1220 1687 ‚
1235 1643 1331 1680 fieret
1341 1644 1563 1681 Christianus
1571 1671 1581 1688 ‚
1597 1646 1629 1681 ei
1639 1644 1673 1680 in
1684 1643 1854 1692 baptismo
1864 1645 1881 1679 a
1893 1644 1922 1678 se
1932 1654 2068 1680 nomen

1117 1694 1285 1742 imposuit
1293 1694 1463 1741 Johannis
1474 1693 1612 1730 Leonis.
1664 1694 1762 1729 Cum
1771 1691 1860 1729 vero
1869 1693 1995 1729 Rornae
2005 1692 2069 1728 lin—

1116 1754 1224 1791 guam
1241 1742 1410 1779 didicisset
1428 1743 1580 1779 italicam
1599 1757 1611 1788 3
1635 1742 1906 1790 descriptionem
1923 1741 2068 1786 Africae,

1115 1803 1224 1840 quam
1236 1793 1386 1829 Arabice
1395 1792 1653 1841 composuerat,
1664 1792 1781 1828 italice
1790 1790 1997 1828 vertitAEam
2005 1802 2067 1828 au·

1115 1851 1189 1878 tem
1199 1841 1318 1890 postea
1325 1842 1435 1879 latine
1442 1841 1618 1879 transtulit
1626 1840 1709 1891 Joh.
1718 1841 1914 1881 Florianus,

574 1939 713 1998 Finis
727 1939 994 1996 Notarum
1015 1941 1090 1995 ad
1101 1940 1315 1996 Librum
1334 1942 1586 1997 Primum.

1787 3506 1983 3570 CASr
1999 3512 2052 3568 A»
