2295 3872
182 158 194 186 ¹
213 156 268 197 33

275 214 353 259 Sed
371 212 475 255 nolo
484 213 527 253 in
536 211 598 253 his
607 212 839 254 enarrandis
849 225 920 254 me
935 212 1116 254 detinere

164 271 313 314 diutius
329 299 342 322 ,
358 269 485 322 quam
504 266 653 307 necesse
663 267 728 309 est.
783 267 1036 311 Summatim
1053 267 1116 309 di-

99 324 144 359 47
164 340 256 370 cam
266 339 276 366 :
286 323 443 365 Turcici
461 321 720 376 Imperatoris
731 333 955 377 proventus
965 335 1041 377 pro
1051 322 1113 364 di-

162 379 340 424 verfitate
366 388 643 431 tyrannorum
667 377 810 419 diversi
833 376 935 418 sunt.
991 376 1112 432 Soly-

162 435 307 478 manni
337 443 526 486 tempore
557 442 697 474 totum
733 431 959 486 Imperium
993 432 1113 475 solvit

191 488 382 530 uotannis
397 486 542 529 decem
552 487 758 528 milliones
767 516 780 538 ‚
790 498 1004 542 nongenta
1013 501 1110 543 qua-

158 504 347 598 draginta
370 542 467 584 οᾶο
484 542 614 583 millia
636 541 883 583 ducatorum
899 572 912 594 ‚
929 546 974 585 &
989 544 1110 597 quin-

187 610 327 650 entos,
346 609 391 639 ut
404 597 520 639 refert
544 595 793 638 Theodorus
816 596 1109 652 Spanduginus

154 612 838 705 §atriciusConstantinopolitanus
847 652 912 693 liba
920 652 968 694 de
976 653 1109 694 morib.

155 709 265 752 Ίῖινε.
274 709 344 763 qui
356 707 626 764 particulatim
636 705 713 746 haec
721 708 780 747 ita
789 707 974 762 explicat:
984 708 1023 763 (1
1032 709 1107 763 06)

265 763 323 805 Ex
331 763 483 805 tributo
494 762 686 810 Gmmzz‘,
701 761 740 814 (Ι
749 762 943 817 07)quod
953 764 976 805 a
984 763 1109 807 Chri-

152 820 287 865 stianis
297 817 499 874 penditur,
509 817 646 870 recipit
655 816 894 859 millionem
903 831 1033 859 unam
1041 848 1054 872 ,
1063 822 1108 862 &

152 876 254 931 'quin
287 883 378 915 enta
389 872 518 914 millia
526 870 808 927 Seraphorum(
816 886 832 914 1
840 887 867 914 0
874 873 915 928 8)

329 925 570 980 mineraliis,
585 927 798 969 metallicis
814 927 989 982 fodinis,
1006 928 1105 981 salis,

151 982 566 1035 aluminis‚c010rum,
575 981 661 1023 boli
670 982 847 1024 Armeni
855 1013 868 1035 ,
879 994 993 1026 terrae
1002 983 1106 1039 figil-

149 1041 253 1089 latae,
263 1044 306 1081 &
316 1036 640 1091 ejusmodi,nonx
659 1047 752 1078 enta
762 1038 903 1079 millia.

86 1108 133 1142 50
257 1094 314 1135 Ex
323 1091 636 1135 Datiis&Gabe
653 1092 720 1146 lis,
730 1102 774 1134 ut
783 1093 912 1148 vulgo
922 1092 1104 1148 loquun-

148 1161 214 1193 tur
221 1180 234 1203 ,
243 1149 496 1203 septingenta
506 1147 645 1188 millia.

256 1204 313 1245 Ex
322 1203 538 1258 privilegiis
547 1206 591 1245 δέ
599 1202 917 1257 Diplomatibus
932 1214 1102 1247 centum

145 1260 287 1303 millia.

255 1314 311 1356 Ex
321 1313 443 1354 bonis
454 1312 613 1354 caducis
623 1313 850 1367 quingenta
861 1314 1004 1357 millia.

254 1370 311 1411 Ex
321 1368 452 1409 salinis
492 1369 688 1422 uingenta
699 1367 839 1409 millia.

254 1425 311 1466 Ex
320 1423 441 1465 bonis
464 1440 479 1463 t
495 1422 754 1464 efunestorum
773 1423 854 1464 fine
864 1423 1024 1466 haerede
1034 1424 1101 1469 vel

144 1491 323 1538 patrono
334 1489 503 1520 centum
514 1478 655 1519 millia.

87 1555 128 1591 50
253 1535 309 1577 Ex*
319 1534 448 1575 naulis
464 1563 477 1586 ,
496 1545 588 1587 quae
605 1531 841 1587 penduntur
857 1546 932 1590 pro
951 1534 1100 1589 egress‘u

143 1603 384 1647 regnorum,
394 1589 619 1643 quingenta
630 1588 771 1630 millia.

251 1645 308 1687 Ex
331 1644 570 1685 monetariis
579 1641 752 1685 officinis
769 1654 938 1685 centurn
955 1645 1098 1689 millia.

253 1700 311 1742 Ex
322 1698 622 1754 piscationibus,
637 1698 862 1753 quingenta
875 1700 1016 1742 millia.

78 1774 123 1809 52
251 1755 310 1797 Ex
318 1753 512 1795 reditibus
521 1763 792 1794 mortuorum
802 1753 1008 1796 Baliarum
1024 1785 1036 1807 ,
1054 1759 1099 1799 δε

138 1812 320 1854 valiorum
331 1840 344 1862 ‚
355 1809 502 1864 quibus
510 1807 708 1862 stipendia
716 1811 941 1863 quotannis
956 1810 1006 1851 ab
1016 1811 1098 1852 Im—

140 1865 390 1923 peratoribus
414 1863 627 1905 solvuntur
641 1893 655 1915 ,
673 1863 765 1917 post
781 1877 963 1919 quorum
983 1879 1098 1907 mor-

134 1931 226 1966 'tem
253 1919 424 1962 redeunt
449 1918 502 1960 ad
527 1919 710 1959 aerarium
721 1948 736 1971 ,
746 1921 970 1974 quotannis
987 1922 1098 1976 plus-

135 1985 266 2033 'quam
288 1976 465 2018 sexcenta
483 1973 624 2015 millia.

75 2042 91 2076 5
104 2045 116 2078 3
133 2038 136 2041 '
247 2030 412 2086 Cyprus
422 2028 549 2071 hodie
566 2027 710 2083 pendit
719 2028 816 2070 οᾶο
826 2029 967 2071 millia.
977 2030 1097 2072 Mol-

139 2087 263 2129 davia
286 2085 346 2127 sex
363 2085 505 2126 millia.
522 2083 707 2125 Valachia
716 2083 939 2126 duodecim
951 2086 1093 2127 millia.

138 2141 342 2198 Ragufium
359 2140 481 2194 (109)
498 2138 723 2180 duodecim
741 2139 882 2181 millia.
898 2139 1032 2183 Chios
1040 2141 1094 2182 X.

138 2198 282 2240 millia.
310 2196 518 2251 AEgyptus
525 2223 539 2247 ,
549 2193 678 2236 decies
687 2205 859 2236 centena
868 2195 996 2237 millia
1005 2196 1094 2239 Sul-

138 2253 363 2295 taniorum.

74 2317 121 2353 54
245 2306 303 2348 Ex
321 2305 491 2348 decimis
506 2304 897 2358 omniumurbium‚
913 2316 1093 2360 quatuor

136 2363 358 2405 missiones.

243 2417 301 2459 Ex
312 2416 474 2458 dicimis
491 2415 668 2457 aliorum
679 2427 925 2470 regnorum,
935 2414 1090 2471 septem

133 2473 354 2517 milliones.

132 2580 134 2582 v
244 2527 414 2569 Boterus
437 2525 548 2579 dicit,
560 2526 795 2581 AEgvptum
814 2525 919 2567 olim
935 2524 1089 2569 solvisse

136 2581 224 2625 VH.
253 2582 471 2623 milliones.
501 2581 724 2623 Franciscus
749 2580 1001 2623 Sansovinus
1017 2583 1088 2635 ait,

134 2638 316 2679 Turcam
352 2636 546 2691 poffidere
581 2636 804 2691 quotannis
844 2635 1084 2690 quindecim

130 2692 341 2734 milliones
357 2692 461 2743 auri,
479 2704 524 2732 ex
542 2692 617 2733 illis
634 2701 772 2733 autem
825 2692 978 2746 uinque
996 2702 1086 2734 tan-

132 2747 225 2789 tiim
250 2746 378 2787 referri
397 2747 439 2786 in
457 2748 642 2787 aerarium
658 2776 671 2799 ‚
688 2758 735 2787 cx
758 2759 798 2788 re
818 2746 917 2800 'quis
939 2746 1085 2790 decem

132 2815 203 2858 per
212 2802 432 2856 imperium
443 2800 492 2841 ali
503 2802 663 2843 milites.

71 2869 87 2905 5
103 2873 112 2901 5
132 2867 134 2871 ’
241 2855 435 2909 Joviusin
453 2856 536 2896 vita
546 2855 792 2910 Solymanni
803 2854 931 2898 scribit
942 2855 1084 2906 3Con-

127 2911 355 2954 ‘numeratis
379 2923 475 2951 cum
495 2911 694 2964 prioribus
719 2910 792 2952 suis
809 2911 932 2952 etiam
951 2911 1083 2954 Sulta-

131 2968 211 3008 nici
232 2966 343 3021 regni
361 2965 571 3016 reditibus,
589 2965 755 3019 sexagies
774 2976 943 3007 centena
953 2967 1082 3008 millia

134 3034 351 3063 aureorum
373 3020 534 3075 singulis
558 3021 674 3061 annis
700 3019 847 3062 hith:
874 3033 919 3061 ex
935 3021 1081 3074 quibus

134 3077 349 3171 quirhquies
358 3079 402 3118 δε
410 3073 681 3130 quadragesies
690 3086 861 3117 centena
877 3076 1006 3118 millia
1016 3089 1081 3117 ex-

137 3143 218 3183 pen
249 3142 291 3172 it.

76 3189 122 3230 56
244 3185 489 3226 Bernhardm
511 3184 765 3239 Novagerius
781 3216 792 3232 ,
817 3184 1079 3227 Sereniffimae

134 3236 176 3278 V
178 3250 301 3279 enetcr
318 3240 395 3281 Rei
429 3241 569 3282 ublicae
585 3238 694 3294 apud
711 3239 888 3281 Turcam
905 3239 1078 3294 Legatus

136 3290 262 3332 scribit
272 3307 280 3332 :
291 3293 378 3347 Ego
419 3297 481 3336 ico
492 3308 560 3337 me
570 3293 892 3335 animadvertisse
901 3307 947 3334 ex
955 3295 1079 3337 ratio-

137 3344 255 3384 nibus
265 3349 510 3403 mrarii‚quod
522 3347 682 3406 Gasnad
690 3348 833 3389 dicitur
848 3378 860 3400 ,
877 3350 995 3403 recipi
1005 3363 1078 3391 an-

137 3400 295 3439 nuatim
314 3402 406 3442 osto
423 3405 627 3446 milliones
652 3403 826 3445 ducenta
852 3402 1078 3458 septuagin-

137 3461 177 3492 ta
189 3451 272 3511 duo
283 3455 409 3496 millia
418 3457 660 3500 ducatorum
670 3489 682 3511 ,
691 3470 781 3514 quae
790 3457 950 3500 summa
959 3471 1005 3500 ex
1014 3459 1077 3501 his

135 3506 432 3561 particularibus
442 3511 530 3551 colli
536 3514 650 3564 gitur.

246 3559 465 3604 Tributum
473 3564 575 3608 Aliae
585 3569 755 3612 minoris
762 3599 777 3624 ‚
794 3567 911 3625 quod
919 3567 941 3611 ἐι
950 3567 1075 3614 Chri-

88 769 136 816 48

84 950 137 988 49

84 1238 127 1271 ¹5

56 3600 120 3638 ‚57

806 133 1018 197 Casparis
1039 133 1227 181 Klockii
1249 133 1305 183 de
1325 136 1509 181 AErario

1170 212 1304 260 stianis
1314 211 1481 255 Graeciae
1489 210 1752 255 &Anatoliae
1760 224 2019 271 extorquetur
2032 243 2047 270 ,
2063 214 2140 259 sur

1168 278 1281 322 perat
1292 267 1421 309 decies
1431 278 1602 310 centena
1610 267 1741 309 millia
1750 266 2009 313 ducatorum.

1277 322 1334 364 Ex
1350 323 1486 365 Datiis
1502 351 1515 374 ,
1532 321 1848 378 Diplomatibus
1861 353 1876 376 ,
1893 327 1936 368 &
1951 324 2118 368 Privile-
2141 337 2186 373 58

1165 378 1240 475 gis
1255 407 1268 430 ,
1285 378 1534 433 colliguntur
1558 378 1782 432 quotannis
1802 389 1974 421 centum
1989 380 2118 423 millia

1215 444 1443 475 ucatorum.

1273 487 1331 529 Ex
1341 489 1462 530 bonis
1470 486 1761 530 defundorum
1770 485 1853 530 fine
1860 486 2034 543 haerede,
2041 498 2122 532 tre·-

1164 553 1282 584 centa
1292 543 1434 586 millia.

1272 598 1420 640 Incolae
1437 598 1624 641 Ducatus
1640 597 1825 654 Arrago,
1841 598 1946 653 quia
1962 598 2116 641 tributo
2137 613 2183 650 ς,

1163 650 1341 696 Carazzi
1359 653 1570 695 immunes
1577 652 1669 695 sunt
1683 683 1697 706 ,
1713 653 1879 696 solvunt
1896 654 2118 697 annuatim

1163 720 1234 761 per
1242 707 1299 748 sin
1330 707 1413 750 ulas
1423 708 1580 750 domos
1588 708 1805 751 Ducatum
1814 721 1949 751 unum
1967 738 1981 762 ‚
1995 708 2118 764 quod

1163 761 1282 804 efficit
1307 776 1501 805 ummam
1512 763 1788 805 ducentorum
1806 763 2004 806 millium.

1271 818 1494 872 AEgyptus,
1504 818 1778 873 Memphis&
1786 818 1940 861 Arabia
1948 817 2116 862 solvunt
2133 836 2185 872 ς.

1161 883 1292 913 unam
1322 873 1559 915 millionem
1575 877 1619 916 ὃ(
1651 874 1887 929 offingenta
1910 873 2003 917 Sera
2034 874 2116 917 ho-

1159 939 1253 968 rum
1271 940 1488 970 aureorum
1505 929 1646 977 millia,
1661 941 1707 970 ex
1731 928 1877 984 quibus
1901 929 1946 971 in
2009 941 2118 972 urcae

1159 982 1344 1024 aerarium
1367 983 1536 1026 redeunt
1547 995 1722 1026 trecenta
1745 984 1893 1025 millia:
1908 983 2117 1039 reliquum

1159 1035 1212 1078 ad
1244 1038 1465 1079 tuitionem
1529 1039 1807 1081 rovinciarum
1843 1038 2114 1094 impenditur.

1158 1091 1466 1147 Mesopotamia
1482 1051 1657 1134 discenta
1670 1094 1801 1149 millia
1815 1123 1829 1145 ,
1846 1093 2048 1149 exquibus
2057 1092 2114 1137 ad

1156 1148 1344 1243 ffium
1360 1147 1531 1190 redeunt
1553 1159 1725 1190 centum
1742 1151 1786 1191 &
1809 1149 2112 1204 quinquaginta

1262 1216 1298 1244 a.

1266 1257 1323 1299 Ex
1332 1257 1546 1313 Rhagufio
1556 1256 1711 1299 tributo
1721 1257 1865 1300 decem
1875 1257 2017 1301 millia.
2130 1260 2176 1296 61

1266 1312 1323 1354 Ex
1333 1313 1487 1355 tributo
1497 1313 1725 1354 Moldaviae
1734 1312 1906 1355 sedecim
1917 1313 2060 1357 millia.

1265 1367 1323 1408 Ex
1331 1368 1467 1409 Trans
1488 1368 1621 1410 lvania
1630 1368 1774 1410 decem
1785 1369 1928 1410 millia.

1262 1421 1322 1464 Ex
1330 1422 1457 1466 Valac
1490 1423 1526 1464 ia
1536 1422 1759 1465 duodecim
1770 1423 1911 1465 millia.

1264 1477 1322 1519 Ex
1332 1477 1467 1520 insulis
1475 1478 1738 1534 Archipelagi
1753 1477 1815 1520 sex
1827 1478 1975 1524 millia,

1262 1532 1320 1574 Ex
1330 1533 1445 1577 Chio
1455 1533 1597 1575 decem
1608 1533 1750 1576 millia.

1264 1588 1321 1629 Ex
1330 1587 1400 1643 Cy
1430 1602 1477 1630 ro
1487 1589 1583 1630 ocio
1593 1589 1735 1631 millia.
2123 1608 2173 1644 &a

1153 1642 1373 1699 ngnarius
1436 1645 1617 1685 urcicum
1651 1654 1904 1699 proventum
1936 1643 2107 1688 aestimat

1153 1698 1377 1740 duodecim
1402 1699 1607 1740 milliones
1630 1700 1743 1753 auri,
1766 1712 1858 1755 quae
1882 1701 2108 1755 quotannis

1154 1753 1438 1808 ingrediuntur
1461 1754 1646 1796 aerarium
1671 1753 1826 1796 Sultani
1844 1768 1853 1796 :
1871 1766 1961 1795 non
1986 1767 2106 1798 com--

1152 1810 1301 1863 putatis
1310 1811 1393 1851 aliis
1405 1808 1596 1850 reditibus
1604 1839 1617 1862 >
1627 1822 1732 1863 quos
1750 1822 1795 1850 ex
1804 1809 2012 1862 Timarris,
2022 1810 2104 1854 five

1151 1863 1280 1906 feudis
1289 1894 1302 1916 ,
1312 1864 1476 1918 aliisque
1486 1865 1587 1919 agris
1596 1893 1608 1916 ,
1618 1863 1722 1906 lilvis
1731 1895 1743 1917 ,
1761 1864 1891 1907 fluviis
1898 1894 1912 1917 ‚
1921 1864 2050 1907 hortis
2060 1868 2106 1911 ὃς

1150 1919 1300 1974 pascuis
1324 1922 1448 1963 totius
1472 1919 1633 1972 imperii
1658 1920 1814 1961 Turcici
1839 1919 2008 1975 percipit
2030 1948 2042 1972 ‚
2059 1924 2105 1963 &

1150 1974 1304 2016 alendis
1321 1973 1395 2016 suis
1419 1975 1617 2016 militibus
1634 1974 1829 2017 distribuit
1836 2004 1850 2027 ‚
1867 1975 2027 2028 quoties
2037 1988 2103 2016 ex<-

1148 2029 1406 2085 peditionem
1416 2031 1460 2071 in
1469 2029 1631 2071 hostem
1643 2030 1822 2072 molitur.
1863 2028 1935 2071 Ad
1944 2028 2101 2074 bellum

1148 2085 1261 2126 enim
1292 2097 1441 2127 omnes
1475 2096 1681 2139 coguntur
1721 2114 1734 2138 ,
1775 2086 2101 2139 quotiescunque

1147 2139 1323 2194 Principi
1333 2141 1430 2182 libet
1438 2169 1451 2192 ,
1468 2139 1672 2194 stipendiis
1680 2170 1693 2192 ,
1703 2138 2098 2194 armis,equisc‘1uc,&

1146 2190 1317 2237 annona
1326 2208 1372 2236 ex
1381 2196 1521 2237 aerario
1530 2196 1715 2249 acceptis.
2119 2220 2142 2256 6

1254 2250 1312 2291 Ex
1321 2249 1383 2292 his
1393 2250 1497 2292 facili
1507 2251 1679 2305 negotio
1689 2249 1826 2304 colligi
1834 2247 1988 2304 potest,
1997 2248 2097 2303 qua-
2150 2235 2163 2265 ³

1146 2315 1239 2347 tum
1257 2306 1361 2347 olim
1379 2305 1497 2348 fuerit
1514 2304 1703 2347 Romani
1728 2304 1890 2359 Imperii
1914 2304 2037 2346 robur
2053 2308 2098 2348 &

1144 2361 1351 2416 potentia:
1362 2360 1523 2415 quantis
1534 2359 1789 2401 facultatibus
1806 2362 1849 2402 δέ
1866 2357 2017 2401 divitiis
2026 2359 2097 2400 ab·
2151 2394 2162 2397 ,

1144 2415 1371 2458 undavcrit.
1428 2414 1547 2458 Nam
1565 2413 1682 2470 quod
1698 2427 1744 2454 cx
1760 2413 1873 2468 Syria
1890 2417 1935 2456 &
1958 2413 2097 2456 Meso-

1142 2472 1331 2526 potamia
1362 2470 1603 2525 colligantur
1627 2468 1753 2510 hodie
1777 2469 1899 2511 offles
1924 2479 2097 2511 centena

1143 2526 1271 2568 millia
1280 2525 1541 2578 ducatorum,
1552 2525 1708 2566 mirum
1716 2523 1843 2566 videri
1852 2535 1943 2566 non
1953 2523 2073 2566 debet
2083 2537 2096 2566 ε

1141 2581 1304 2622 testatur
1313 2581 1426 2621 enim
1438 2580 1663 2621 Herodotus
1671 2609 1684 2632 ,
1694 2578 1732 2634 (1
1748 2593 1763 2620 1
1772 2578 1816 2634 ο)
1825 2578 2094 2628 Darium‚Hi-

1140 2636 1271 2691 staspis
1280 2635 1410 2677 filium
1422 2666 1434 2688 ‚
1451 2636 1593 2690 primis
1609 2633 1684 2676 suae
1695 2633 1951 2676 Monarchiae
1960 2635 2101 2688 annis,

1139 2705 1186 2732 ex
1197 2692 1257 2733 his
1267 2691 1423 2732 duabus
1433 2691 1652 2745 provinciis
1670 2687 1902 2731 contraxisse
1942 2698 2092 2731 uotan-

1137 2747 1201 2788 nis
1224 2745 1536 2802 quatuordecim
1567 2745 1839 2786 Talentorum
1863 2744 1921 2785 m'
1954 2744 1991 2785 ia
2006 2773 2021 2797 ,
2046 2747 2092 2788 δέ

1137 2802 1436 2857 quinquaginta
1444 2830 1458 2853 ‚
1474 2812 1565 2855 quae
1575 2799 1751 2841 efficiunt
1760 2797 1857 2840 ouo
1867 2798 2090 2854 muliones,

1138 2860 1183 2900 δε
1193 2856 1330 2911 septies
1341 2867 1512 2898 centena
1521 2854 1648 2896 millia
1657 2865 1888 2894 aureorum.

1245 2910 1379 2964 Qod
1389 2910 1417 2952 fi
1425 2910 1523 2953 vero
1532 2908 1708 2950 Turcicis
1718 2906 1909 2949 reditibus
1918 2907 2086 2962 annuis,
2106 2916 2155 2958 64

1135 2965 1207 3020 qui
1223 2964 1402 3007 efficiunt
1425 2964 1571 3018 viginti
1597 2963 1803 3004 milliones
1827 2962 1912 3004 auri
1927 2992 1941 3015 ,
1958 2961 2086 3006 addas
2156 2962 2158 2967 ’

1135 3021 1231 3062 alias
1247 3020 1396 3074 viginti
1427 3019 1635 3060 milliones
1651 3047 1664 3069 ,
1690 3029 1781 3072 quae
1798 3017 1821 3059 a
1845 3016 2087 3061 Christianis

1136 3075 1414 3129 percipiuntur
1422 3072 1675 3128 Principibus
1683 3102 1696 3126 ,
1707 3071 1831 3114 totius
1839 3071 2002 3114 summa
2011 3072 2086 3115 erit

1164 3128 1401 3184 uadraginta
1433 3128 1639 3169 milliones
1655 3157 1667 3180 ,
1684 3139 1775 3182 quae
1799 3127 2023 3182 quotannis
2039 3140 2087 3168 ex

1168 3185 1358 3226 rovinciis
1375 3182 1621 3238 colliguntur
1638 3212 1650 3235 ‚
1673 3195 1765 3238 quae
1788 3181 1967 3237 Imperio
1991 3180 2084 3224 Ro-

1132 3252 1264 3281 mano
1281 3239 1384 3280 olim
1401 3249 1513 3279 erant
1530 3237 1708 3292 subjefitse
1726 3251 1736 3287 ς
1753 3236 1856 3280 &fic
1865 3235 2082 3280 differenti-
2104 3237 2126 3267 6
2134 3241 2151 3277 ἲ

1131 3308 1202 3336 am
1210 3295 1314 3336 inter
1322 3292 1572 3334 hodiernum
1582 3297 1626 3336 δέ
1640 3292 1815 3349 priscum
1830 3291 2082 3335 Romanurn

1131 3348 1338 3405 perpende
1347 3347 1586 3402 Imperium.

1240 3403 1376 3445 Hodie
1391 3404 1621 3445 etiamnum
1644 3400 1874 3445 infidelibus
1890 3398 2077 3442 scandalo
2097 3388 2145 3426 ὅς

1130 3458 1185 3500 est
1200 3457 1502 3524 Chiffiia21orum
1519 3457 1709 3513 discordia
1725 3489 1736 3507 ‚
1766 3458 1804 3512 (1
1819 3470 1834 3498 1
1848 3455 1883 3507 1)
1899 3455 1970 3508 qui
1986 3466 2079 3496 non

1130 3514 1295 3568 propria
1305 3514 1453 3555 virtute
1462 3543 1474 3565 ‚
1485 3513 1549 3555 sed
1561 3512 1702 3554 nostris
1711 3512 1817 3554 vitiis
1826 3508 1956 3552 felices
1963 3539 1977 3562 ‚
1986 3509 2077 3563 glo-

1128 3568 1281 3611 riantur
1297 3569 1341 3611 in
1357 3566 1597 3613 fortitudine
1606 3564 1784 3620 sua,&ex
1801 3563 2077 3629 occasioneq-

1925 3629 2078 3664 U‘OCIUS
