2295 3872
773 46 833 96 ad
851 45 1043 97 Kloekii
1063 48 1168 101 libri
1189 53 1279 105 l.C
1287 71 1400 123 aput
1416 60 1580 117 xxv?

136 114 430 166 seseprocreatos
438 120 517 159 esse.
572 122 710 162 Idcirco
724 123 759 162 se
773 126 876 163 Filios
889 126 1034 163 Davidis
1054 126 1089 163 δι

136 165 355 208 Salomonis,
380 180 489 219 atque
515 171 606 209 adeo
635 173 847 214 Sanstorum
875 175 1088 232 Patriarcba·

135 223 216 250 rum
243 218 421 265 appellare
444 220 576 264 solent,
601 221 701 270 quod
731 235 778 261 ex
794 235 920 261 eorum
955 223 1089 280 semine

135 266 206 300 otti
226 265 314 302 sunt.
368 269 464 305 Nam
490 281 535 307 ex
556 270 748 310 Salomone
773 272 887 310 filium
909 271 1088 321 suscepisse

136 311 353 362 Maquedam
369 318 466 354 illam
482 319 638 367 fingunt,
653 331 764 369 quem
783 322 937 358 Meilech
970 323 1089 358 nomi-

133 363 233 399 narit.
283 365 403 403 Postea
419 368 533 405 David
547 367 616 405 fuit
629 369 754 412 dietus.
802 370 884 410 Iste,
894 371 1089 428 sec-undum

136 424 263 453 eorum
287 429 539 456 commentum
555 443 567 462 ,
593 418 678 456 cum
700 431 836 457 annum
859 430 971 456 aetatis
990 432 1087 469 vige-

136 462 262 504 fimum
279 469 463 517 attigisset,
481 469 526 505 ad
544 467 774 513 Salomonem
789 468 931 526 Patrem
947 469 982 505 ὃ(
998 469 1086 527 Prae·

136 524 320 566 ceptorem
333 521 353 555 a
368 518 486 555 Matre
502 515 661 554 remissus
673 543 683 558 .
694 522 698 528 ¹
708 526 749 554 ut
765 517 925 555 docitrinfi
935 518 969 554 &
995 518 1085 568 sapi-

135 569 232 604 entia
259 568 337 605 utili
352 569 396 605 ab
414 579 460 605 eo
483 561 713 615 imbueretur.
772 567 885 618 Qod
915 567 1019 625 simul
1033 577 1083 605 at-

136 630 207 668 que
244 619 416 656 assecutus
457 616 524 660 fuit
546 615 703 659 Meilecll
725 615 785 652 seu
834 617 950 674 David
967 641 978 661 ,
1004 629 1084 675 per·

135 670 236 707 missu
252 668 450 706 Salomonis
464 665 670 702 Sacerdotes
683 664 718 700 &
738 663 904 706 Comites
929 666 1082 724 Nobiles

136 720 269 757 multos
280 719 325 754 de
338 715 475 765 singulis
483 713 679 752 duodecim
687 713 868 752 Tribubus
879 716 1081 774 sibi-adjun-

134 770 200 810 xit,
225 769 258 804 δι
274 769 309 803 ὶη
334 768 500 814 Regnum
528 763 720 812 AEthiopiae
743 765 900 803 reversus
912 776 998 814 -ejus
1013 777 1082 814 gu-

136 818 378 855 bernationem
397 813 554 862 suscepit.
603 815 659 851 Ac
674 814 746 850 una
755 814 862 850 etiam
880 814 994 865 legem
1005 816 1079 872 Dp-

134 868 222 904 mini
253 862 643 911 Circumcifionemque
676 864 808 901 eodem
858 864 1076 922 importavrt.

132 918 218 953 Haec
233 912 425 951 primordia
441 911 541 949 fuere
561 910 753 961 Religionis
774 912 938 961 Judaeicae
953 925 991 950 in
1017 914 1078 950 ΛΞ-

131 965 264 1012 thiopia
281 987 292 1005 ‚
313 962 346 998 8<
370 962 468 1008 ajunt
492 962 529 998 in
555 961 745 999 hodierum
770 974 888 1012 usque
912 963 1077 1020 diem-ad

129 1013 242 1051 aulica
261 1010 449 1048 ministeria
466 1011 501 1048 δι
520 1012 751 1048 canonicatus
789 1011 910 1050 nullos
923 1013 1078 1056 admitti,

129 1063 189 1101 nisi
214 1063 258 1098 de
285 1055 448 1110 stirpibus
480 1070 526 1096 ex
554 1058 675 1108 Judaea
698 1060 866 1098 adductis
894 1062 1076 1099 oriundos.

127 1114 186 1150 Ab
206 1112 260 1149 his
278 1111 389 1160 igitur
404 1119 595 1159 propagata
609 1107 660 1147 est
679 1107 839 1146 doctrina
856 1111 902 1148 de
926 1112 1006 1149 Deo
1039 1111 1077 1148 in

128 1162 327 1209 AEthiopia,
339 1159 373 1196 δε
385 1158 518 1196 radices
525 1158 610 1208 egit.
620 1158 712 1195 utad
720 1170 848 1196 omnes
864 1170 984 1198 aetates
990 1173 1076 1198 con-

129 1213 314 1260 sequentes
335 1209 557 1258 permanarit.
588 1206 708 1245 ·Nam
734 1207 769 1244 δε
789 1209 897 1247 libros
919 1210 1076 1260 Prophe-

129 1263 218 1297 ticos
230 1261 451 1296 retinuerunt
462 1257 647 1307 AEthiopes
663 1256 697 1294 &
713 1257 1000 1317 Hierosolyffnam
1016 1260 1075 1296 ad-

129 1311 253 1347 orandi
269 1309 373 1346 causa
390 1317 518 1343 verum
533 1307 652 1344 Deum
668 1308 887 1356 patefactum
897 1321 932 1345 m
943 1310 1074 1358 Regno

128 1352 261 1396 Isra’e'lis
275 1357 421 1407 profecti
441 1356 530 1393 sunt.
591 1355 706 1405 Qud
731 1368 776 1393 ex
800 1358 940 1394 historia
949 1360 1072 1395 Eunu⁴

129 1409 188 1445 chi
205 1407 388 1444 Candaces
411 1404 575 1455 Reginae,
590 1414 671 1455 quae
687 1404 813 1454 Judith
842 1410 987 1493 prolprio
1009 1420 1074 1445 no·

129 1459 226 1494 mine
242 1455 334 1492 dieta
347 1453 396 1491 est
411 1479 423 1499 ,
444 1453 593 1504 profeffl
609 1478 621 1498 ,
642 1454 754 1492 intelli
781 1457 791 1492 i
815 1467 899 1514 pote
931 1486 938 1493 .
989 1458 1020 1494 ls
1039 1470 1074 1494 e-

128 1508 202 1544 nim
218 1507 309 1542 circa
323 1515 458 1542 annum
475 1504 495 1540 a
518 1513 635 1541 morte
649 1503 685 1540 ὅτ
712 1517 749 1542 re
769 1506 968 1564 urrefitione
991 1506 1072 1564 Jesu

127 1553 281 1598 Christi,
303 1553 349 1590 X.
378 1551 662 1602 Hierosolymam
691 1554 840 1593 CCXL.
866 1555 1072 1592 milliarium

125 1606 249 1642 itinere
263 1601 414 1640 accessit.
462 1601 633 1652 Cumque
647 1602 697 1640 ibi
711 1603 915 1642 officium&
929 1605 1072 1663 cultum

126 1654 206 1691 Deo
221 1654 381 1690 debitum
399 1649 569 1689 tribuisset
583 1678 593 1691 .
610 1651 647 1689 &
666 1652 738 1701 jam
764 1654 916 1692 domum
933 1657 1071 1696 rediret,

124 1705 160 1740 in
183 1714 291 1739 curru
318 1701 440 1739 sedens
463 1701 677 1752 l’rophetam
703 1703 838 1741 Esaiam
858 1703 955 1753 legit.
1005 1705 1070 1740 Ita-

123 1763 194 1802 que
211 1752 252 1788 ad
268 1763 353 1789 eum
370 1752 496 1789 divino
512 1752 682 1789 mandato
705 1752 826 1790 missus
850 1753 918 1791 fuit
940 1754 1068 1803 Philip-

122 1813 190 1852 pus
206 1828 216 1846 ,
242 1800 374 1838 Christi
400 1799 610 1850 Discipulos.
675 1801 718 1838 Et
735 1802 821 1839 cum
831 1803 1068 1861 processissent

121 1852 227 1888 ambo
242 1853 286 1887 ad
302 1850 436 1887 Urbem
461 1849 632 1890 Bethzur‚
655 1852 772 1889 tribus
792 1852 1000 1891 milliaribus
1022 1855 1067 1890 ab

121 1900 395 1950 Hierosolymis:
412 1899 460 1936 ibi
473 1901 510 1936 in
525 1898 640 1938 radice
655 1899 791 1938 Montis
808 1902 957 1951 Fontem
983 1915 1067 1941 con·

123 1949 231 1998 spexit
254 1949 468 1990 Eunuchus,
481 1949 586 1997 cujus
604 1951 706 2008 aquis
719 1951 739 1988 a
762 1951 926 2010 Phiiippo
956 1953 1068 2003 bapti-⁷

122 2009 223 2035 zatus
238 1998 297 2036 est.
347 1998 522 2035 Reversus
535 1997 622 2036 verb
638 2011 675 2038 m
699 2001 922 2051 AEthiop1am
944 2001 1066 2060 Eunu-

121 2049 210 2085 chus
235 2049 426 2097 baptizavit
455 2048 629 2097 Reginam
643 2073 655 2092 ‚
677 2047 712 2085 &
735 2061 901 2099 magnam
925 2051 1065 2089 familiae

120 2095 236 2148 Regiae
252 2096 286 2134 8(
297 2096 423 2146 populi
443 2108 592 2146 partem.
639 2098 692 2136 Ex
705 2110 779 2149 quo
789 2100 978 2160 Chrisiiani
993 2114 1066 2139 coe·

118 2147 555 2246 ἕζῗῗέςῖἷξῐὲῗξὲἒὲξὲἰὲ
569 2146 676 2247 ἷΐξῗέ
705 2149 1012 2238 ffugi-mamam
1026 2164 1066 2190 ‘³'

503 2283 618 2320 Num.
642 2288 679 2323 8.

163 2351 223 2398 (7)
250 2346 350 2384 Αέῖι
365 2347 553 2398 testantur
576 2347 827 2400 Apostolorum
847 2348 924 2394 &a
939 2355 956 2400 J
971 2353 1063 2404 Cap.

117 2408 149 2444 ς.
165 2409 200 2435 v.
217 2411 272 2444 27.
290 2397 388 2447 seqq.

162 2458 222 2504 (8)
247 2456 414 2506 Eufibiut
431 2452 537 2504 ότ.]
562 2456 640 2495 Lib.
659 2471 691 2494 z.

161 2522 202 2565 (9
206 2518 399 2565 >Sannum
402 2516 744 2569 Matthaeumpostea
749 2518 793 2557 in
799 2519 866 2557 hee
874 2520 954 2558 loca
964 2519 1060 2573 ἀτη]

116 2569 170 2605 De
180 2569 250 2605 hoc
258 2567 415 2604 videatur
424 2567 547 2605 Surius
555 2571 596 2605 in
602 2567 692 2617 Hast.
702 2569 831 2618 Ecclefi
840 2581 898 2619 atq
904 2583 948 2626 ue
956 2573 1059 2609 Sten-

117 2617 274 2664 geliusin
284 2617 502 2673 Hierologt'a.
535 2629 604 2656 nec
617 2630 693 2655 non
709 2608 894 2660 Honorius
908 2633 952 2658 m
973 2621 1059 2661 The·

107 2666 220 2715 sauro
227 2665 551 2706 Palincontmuat.
559 2676 635 2719 cap.
640 2680 699 2713 μ.

479 2754 586 2789 Num.
597 2761 651 2787 ιι.

170 2815 204 2862 (1
213 2814 252 2860 ο)
259 2815 377 2853 Habet
374 2815 448 2865 fiab
444 2815 515 2864 sico
522 2816 675 2867 Imperio
685 2817 835 2868 Regulos
842 2818 1059 2870 christianos

118 2858 215 2910 ἀι]
227 2862 412 2902 Matthaeus
420 2866 573 2916 Legatus
578 2865 682 2918 apud
684 2870 919 2928 Damiqnum
935 2872 979 2911 de
995 2879 1058 2912 Go-

117 2925 154 2949 es
170 2911 543 2965 narratPrete-Janum,
561 2926 689 2967 praeter
696 2917 872 2969 sexaginta
889 2922 1056 2962 Christia-

117 2973 184 2998 nos
198 2963 393 3047 ingentium
401 2976 592 3015 regnorum
602 2966 633 3004 R
700 2979 717 3005 s
725 2969 783 3006 fibi
793 2970 951 3030 subditos
959 3000 969 3017 ,
991 2976 1054 3014 ha-

115 3012 200 3050 bere
215 3023 235 3048 a
260 3012 329 3049 huc
337 3015 492 3064 quinque
506 3015 621 3067 Reges
674 3018 954 3062 uhammedicos.

481 3080 593 3117 Num.
618 3094 675 3126 13.

163 3138 201 3184 (ι
214 3138 250 3184 ι)
272 3137 398 3175 Trium
407 3143 611 3191 Regum&
642 3152 742 3195 aris,
756 3150 988 3198 Melchioris,
1005 3151 1052 3198 ό·

110 3185 342 3234 Balthashrio
367 3186 443 3229 ἀι·-
464 3191 482 3238 J
515 3191 593 3230 Hos
669 3197 783 3238 lenius
797 3200 843 3238 de
856 3202 1050 3241 admiran-

109 3233 161 3271 da
170 3240 284 3272 Sacra
295 3233 341 3278 ό·
350 3237 465 3275 Ciwlt'
473 3243 736 3292 Magnitudine
744 3245 888 3289 ‘coloniae
903 3253 965 3290 lib.
977 3265 1050 3291 ter.

107 3284 162 3320 tio
171 3289 352 3336 Synta‘gm.
362 3294 395 3326 s.
406 3291 434 3333 ς.
452 3303 484 3329 5.
493 3288 668 3332 Gentium
681 3307 790 3336 vocar
805 3301 848 3337 ad
864 3302 1049 3342 Christum

107 3333 280 3383 primitias
312 3361 323 3378 ,
349 3339 672 3385 peregrinationum
688 3345 969 3389 Christianarum
987 3355 1049 3390 Sa-

106 3384 329 3432 crarumqueJ
346 3384 572 3426 oblationum
601 3391 826 3435 inchoatores
857 3401 1020 3452 inclytos
1035 3431 1046 3444 ,

103 3441 227 3469 coram
244 3435 360 3482 primo
376 3437 596 3483 persecutore
618 3439 747 3481 Christi
761 3448 1047 3496 confeffores,mi-

103 3481 336 3532 raculoseper
351 3485 446 3520 viam
471 3485 701 3538 longinquam
725 3494 850 3534 ductos
875 3500 910 3536 ὃ(
940 3503 1047 3540 redu-

103 3528 178 3569 &os
192 3531 426 3582 postmodum
441 3536 588 3583 quando
603 3541 765 3590 Apostoli
779 3569 789 3583 ,
806 3546 966 3597 inprimis
986 3564 1046 3589 ve-

2005 97 2028 136 3
2038 96 2092 142 ?‘

1141 130 1184 168 ro
1201 133 1333 174 Paulus
1347 163 1360 182 ‚
1385 139 1521 179 Arabes
1535 145 1826 192 pertransierunt,
1842 149 1881 188 in
1905 149 2097 203 Episcopoe

1141 183 1342 231 ordinatos,
1358 189 1493 236 primos
1503 202 1547 228 ex
1554 192 1762 234 Christianis
1779 199 1929 248 Regiam
1946 203 2094 252 dignita-

1140 242 1216 268 rem
1231 233 1440 275 Sacerdotio
1462 238 1665 281 Christiano
1674 247 1904 294 coniunssam
1919 262 2094 300 gerentes,

1141 283 1204 328 qui
1221 291 1262 318 ut
1278 283 1312 320 F.
1327 285 1462 325 Lucius
1482 287 1618 328 Dexter
1632 293 1677 329 ad
1693 297 1790 333 Ann.
1810 299 1869 337 68.
1894 301 1987 339 vult,
2010 303 2092 340 vitae

1141 329 1177 365 ὃ(
1193 329 1370 380 sanguinis
1387 336 1494 373 etiam
1509 339 1714 387 profusione
1739 345 1987 387 defenderunt.
2020 352 2090 388 Ubi

1140 378 1247 423 addit,
1257 381 1417 422 asservari
1434 385 1541 424 hodie
1551 399 1681 428 eorum
1700 403 1852 442 corpora
1871 398 2036 438 Coloniae
2050 403 2090 439 in

1140 426 1289 466 Ecclesia
1318 431 1596 484 Metropolitana
1619 451 1693 477 non
1720 442 1833 479 solum
1862 450 1997 486 tumbae
2013 462 2088 499 pre-

1138 476 1323 516 tiofiffimae
1356 484 1488 522 inclusa
1514 511 1526 530 ,
1559 488 1617 524 sed
1643 489 1750 527 etiam
1783 493 1892 540 ipsam
1921 501 2089 537 tumbam

1134 524 1272 609 lincludi
1301 532 1496 581 magnificae
1531 536 1704 577 AEdiculae
1733 564 1746 584 ,
1776 540 2001 592 inscriptione
2036 558 2088 585 ta-

1149 586 1180 611 ιτ

1182 649 1340 697 corpora
1361 654 1581 692 Sanfforum
1595 656 1734 697 torulus
1750 668 1856 715 fener
1873 664 1943 716 ips?
1959 672 2087 720 Mago-

1503 716 1609 752 rum,
1866 722 1870 726 ’

1179 745 1297 797 Indeg(
1313 747 1513 796 stablatum
1541 754 1643 794 nihil
1663 757 1717 796 οἳ
1730 759 1875 799 alibive
1901 763 2083 812 locatum,

1179 799 1276 833 Sunt
1287 797 1414 848 junci&
1427 802 1544 844 Felix,
1560 806 1689 845 Nabar
1703 833 1714 849 ,
1731 813 1920 861 Gregorius
1926 813 2013 862 tstt's.

1129 856 1231 895 Cum
1265 859 1473 900 hierotheca
1508 866 1721 907 SanQ0rum
1757 873 1902 923 Regum
1941 879 2086 927 gemina

1130 907 1190 948 fit,
1209 908 1245 944 in
1267 909 1416 960 eiusque
1429 912 1563 962 fastigio
1577 920 1778 958 condantur
1792 923 1829 959 in
1845 926 1980 973 primis.
2006 932 2085 967 Hac

1128 956 1201 1000 ille,
1211 959 1275 995 ubi
1295 958 1340 996 de
1362 962 1622 1004 Translatione
1640 967 1772 1007 horum
1795 984 1982 1023 corporum
1997 987 2084 1028 pro·

1128 1005 1207 1044 lixe
1216 1005 1320 1054 fitis
1339 1010 1489 1059 dtffirt't.
1536 1015 1606 1051 Sed
1629 1017 1710 1055 istos
1733 1020 1865 1060 Christi
1880 1025 2084 1067 adoratores

1130 1055 1258 1104 Magos
1275 1057 1511 1109 philosophos
1527 1065 1666 1112 potius,
1689 1069 1798 1117 quam
1814 1072 1930 1123 Reges
1955 1075 2056 1115 fuisse
2069 1104 2082 1122 ,

1128 1114 1253 1154 praeter
1277 1107 1507 1158 Theologos,
1529 1112 1564 1150 &
1584 1114 1676 1172 alios
1702 1119 1804 1156 bonae
1827 1133 1981 1162 monetae
2003 1126 2083 1164 scri-

1126 1164 1270 1253 tm
1275 1157 1972 1269 22253540122202225222111122325122
1987 1179 2082 1296 ἐξὲςῑ

1126 1251 1203 1304 logo
1218 1253 1336 1292 locum
1349 1256 1405 1294 his
1414 1261 1551 1296 verbis:
1577 1263 1838 1322 Praeceptoresi
1864 1272 1937 1308 itur
1955 1275 2019 1310 acl
2034 1286 2080 1312 ae·

1126 1302 1254 1353 dagogi
1268 1304 1412 1354 Regum
1437 1308 1586 1348 suerunt
1603 1313 1698 1363 Magi
1712 1340 1723 1358 ,
1744 1330 1820 1355 non
1880 1332 1962 1371 eges
1977 1336 1993 1367 ,⁰
2015 1314 2081 1362 eo-

1125 1354 1280 1402 rumque
1302 1353 1390 1400 fuit,
1406 1357 1549 1397 futuros
1573 1361 1688 1412 Reges
1718 1370 1905 1416 quomodo
1933 1383 2082 1422 regnan-

1126 1401 1216 1439 dum
1233 1402 1317 1440 esset
1336 1406 1466 1444 docere
1480 1433 1492 1452 ,
1515 1421 1590 1448 non
1607 1423 1731 1452 autem
1745 1428 1904 1466 regnare.
1956 1422 2079 1472 Magi,

1125 1453 1188 1500 qui
1203 1453 1434 1502 exgentibus
1456 1458 1560 1505 primi
1587 1460 1777 1502 salutarunt
1801 1479 1928 1507 natum
1951 1471 2080 1510 Domi·

1125 1504 1403 1552 num,hospites
1418 1509 1603 1555 Sapientiae
1621 1513 1789 1559 consulti,
1809 1517 1846 1553 id
1867 1519 1933 1561 est,
1959 1521 2078 1560 Philo-

1126 1551 1243 1600 sophi,
1270 1552 1448 1604 Theologi
1474 1556 1753 1607 Chaldaeorum,
1774 1566 1951 1606 sacrorum
1975 1572 2079 1620 AEgy-

1125 1601 1285 1648 priorum
1294 1601 1328 1638 δι
1335 1605 1577 1644 Arabicorum
1592 1612 1703 1658 gnari,
1713 1612 1963 1654 sacrificiorum
1972 1620 2006 1656 &
2016 1633 2078 1658 ce·

1124 1652 1367 1689 remoniarum
1385 1655 1611 1703 praefides‚&
1635 1660 1974 1706 Mathematicarum
1991 1681 2078 1708 con-

1123 1699 1402 1748 templationum
1425 1704 1638 1746 Professores
1678 1709 1713 1747 &
1749 1713 1932 1763 Sapientes
1957 1744 1969 1762 ,
1991 1730 2077 1769 qua-

1122 1747 1174 1786 les
1187 1760 1292 1787 erant
1308 1752 1397 1792 suis,
1423 1752 1458 1791 ἃ
1479 1756 1720 1797 credebantur
1745 1763 1789 1802 ab
1812 1766 1968 1815 antiquis
1987 1763 2075 1807 scri-

1122 1798 1286 1847 ptoribus
1298 1826 1308 1842 ‚
1326 1814 1400 1839 non
1415 1813 1538 1842 autem
1556 1805 1673 1857 Reges
1685 1835 1696 1853 ‚
1711 1813 1796 1860 quia
1817 1825 1937 1852 revera
1958 1817 2076 1868 Reges

1121 1859 1195 1885 non
1211 1852 1570 1901 erant‚appellantur.
1618 1857 1734 1944 Rpiges
1751 1861 1860 1911 igitur
1875 1877 1951 1902 non
1960 1877 2076 1915 erant3

1120 1895 1222 1934 fuisse
1236 1898 1287 1936 illi
1313 1903 1487 1949 probent,
1510 1905 1574 1953 qui
1596 1904 1650 1944 fui
1676 1920 1697 1945 e
1716 1935 1729 1949 ,
1754 1910 1998 1954 nullaidonea
2013 1927 2074 1954 au.

1119 1945 1281 1986 &oritate
1297 1950 1335 1986 in
1352 1952 1514 1990 medium
1530 1951 1725 2003 promtis,
1744 1961 1889 1999 tradunt
1911 1965 1976 2002 &c.
2000 1968 2074 2003 Ha·

1118 1996 1246 2035 aenas
1261 1997 1491 2040 Boxhomius
1507 2027 1519 2047 ,
1534 2004 1601 2042 ubi
1615 2006 1659 2044 id
1679 2007 1795 2059 ipfiam
1816 2011 1992 2063 pluribus·
1999 2014 2074 2101 [fit-

1118 2055 1217 2087 mat.
1260 2048 1351 2086 illud
1372 2049 1435 2089 hic
1452 2052 1569 2102 obiter
1583 2066 1778 2104 notamus,
1801 2060 1891 2099 teste
1917 2061 1997 2101 Zeil
2011 2076 2075 2104 ero

1118 2095 1160 2133 in
1173 2096 1448 2149 Itinerariost'co
1456 2103 1585 2148 Italia,
1608 2104 1806 2147 Mediolani
1818 2111 1996 2150 numisma
2007 2127 2074 2153 au·

1118 2157 1240 2191 reum,
1258 2147 1373 2187 thuris
1397 2150 1433 2188 δε
1454 2153 1607 2202 myrrhae
1630 2165 1672 2193 ut
1695 2156 1731 2194 &
1753 2159 1831 2198 auri
1848 2162 2071 2210 particulam,

1117 2207 1197 2244 quae
1212 2195 1310 2248 Magi
1339 2199 1390 2236 illi
1415 2199 1559 2240 Christo
1581 2203 1682 2242 dono
1696 2206 1880 2256 dederint,
1899 2210 2072 2253 asservari.

1117 2246 1223 2295 Qd
1243 2247 1288 2284 de
1305 2250 1460 2288 ternario
1484 2263 1638 2292 numero
1655 2254 1847 2306 Magorum
1863 2259 1903 2297 sit
1927 2263 2071 2301 censen-

1117 2295 1228 2335 dum,
1246 2297 1365 2335 docet
1371 2290 1500 2343 [Ποσει
1531 2302 1766 2343 interlinearis
1787 2320 1799 2343 ε
1825 2308 1914 2347 Tres
1941 2310 2072 2362 Magos

1117 2343 1220 2387 fuisse
1233 2371 1243 2385 ‚
1269 2345 1305 2383 ὃ(
1321 2352 1396 2387 non
1413 2348 1533 2398 plures
1547 2377 1557 2394 ,
1571 2353 1630 2389 vel
1646 2356 1936 2402 pauciores,dica
1962 2362 2070 2412 t,qui

1116 2393 1247 2432 volunt
1262 2405 1273 2432 ε
1300 2396 1450 2434 amodo
1464 2398 1606 2448 possunt
1622 2403 1773 2451 probare
1786 2431 1799 2450 ,
1821 2409 2069 2456 quezdicunt.

1115 2443 1214 2480 Nam
1228 2469 1240 2488 ,
1262 2445 1323 2482 etsi
1345 2447 1411 2483 tria
1434 2460 1584 2487 munera
1600 2452 1764 2491 obtulisse
1780 2455 1969 2496 dicantur:
1992 2472 2069 2499 non

1115 2493 1199 2531 ideo
1218 2505 1293 2530 non
1314 2496 1433 2545 plures
1448 2522 1459 2538 ,
1488 2499 1600 2548 quam
1625 2510 1698 2539 tres
1721 2502 1820 2542 fuiffe
1834 2530 1846 2549 ,
1871 2507 2040 2556 probatur
2055 2524 2069 2547 z

1115 2542 1174 2582 sed
1188 2551 1230 2580 ut
1244 2554 1308 2593 per
1322 2557 1387 2583 eos
1415 2554 1540 2596 gentes
1555 2575 1565 2590 ‚
1634 2562 1662 2588 ae
1685 2563 1730 2589 ex
1747 2554 1860 2592 tribus
1881 2555 1962 2595 filiis
1976 2559 2070 2600 Noa

1114 2601 1196 2629 nata
1213 2592 1305 2640 sunt,
1317 2604 1479 2634 venturae
1494 2597 1539 2634 ad
1556 2596 1580 2635 fi
1605 2611 1665 2638 em
1671 2601 1955 2653 praefigurentur.

1489 2687 1602 2725 Num.
1632 2703 1683 2736 14·

1186 2764 1283 2812 (12)
1311 2767 1440 2805 Forma
1463 2770 1661 2822 Regiminis
1681 2774 1857 2826 despotica
1870 2778 1918 2828 qs}
1939 2775 2015 2822 ότ-
2035 2778 2062 2829 J

1113 2812 1272 2864 Optima:
1287 2814 1526 2866 Monarchiae,
1541 2834 1621 2873 quae
1641 2827 1679 2863 in
1693 2827 1807 2876 specie
1828 2830 1992 2878 Regnum
2012 2830 2059 2866 ab

1112 2863 1338 2904 Authoribus
1353 2866 1508 2909 Politicis
1523 2876 1643 2914 vocari
1657 2877 1843 2917 consuevit
1855 2904 1866 2921 ,
1880 2877 1993 2915 affinis
2007 2878 2059 2915 est

1110 2912 1171 2951 illa
1183 2940 1195 2959 ,
1207 2925 1287 2965 quae
1301 2915 1321 2954 a
1335 2915 1483 2957 Platone
1495 2933 1530 2967 3.
1543 2922 1590 2960 de
1607 2928 1677 2964 LL.
1689 2926 1725 2964 ὅτ
1750 2926 1936 2964 Aristotele
1949 2940 1984 2972 3.
1997 2931 2057 2965 Po-

1110 2963 1173 3005 lit.
1186 2973 1262 3015 cap.
1277 2980 1314 3012 4·
1329 2973 1516 3012 steno-rans.
1533 2983 1664 3013 eorum
1691 2988 1736 3013 ue
1748 2976 1948 3013 imitatione
1963 2977 2056 3015 aLa·

1109 3013 1194 3052 tinis
1207 3014 1426 3056 Dominatus
1449 3032 1608 3063 vocatur.
1689 3037 1712 3062 0
1741 3024 1839 3073 quod
1861 3026 2054 3064 maximam

1029 3091 1034 3095 .
1109 3063 1318 3103 affinitatem
1348 3079 1434 3106 cum
1459 3069 1623 3109 societate
1653 3073 1796 3121 simplici
1816 3073 2054 3124 ultima,quae

1108 3112 1158 3151 est
1172 3113 1265 3152 inter
1281 3115 1484 3157 Dominum
1499 3120 1534 3157 &
1549 3122 1717 3165 Servum,
1733 3122 1869 3158 habeat.
1919 3123 2057 3162 intente

1107 3164 1206 3214 gitur
1219 3173 1340 3202 autem
1365 3178 1428 3216 per
1456 3169 1694 3207 Dominatum
1709 3169 1919 3208 Monarchia
1933 3173 2051 3211 media

1108 3215 1200 3250 inter
1215 3216 1391 3264 optimam
1404 3217 1440 3254 &
1455 3218 1654 3267 peffimam,
1672 3217 1730 3255 stu
1753 3220 1938 3269 ambigua,
1958 3223 2052 3261 inter

1106 3263 1273 3312 Regnum
1290 3264 1325 3300 ὅτ
1337 3265 1588 3314 Tyrannidem.
1635 3266 1730 3302 Nam
1744 3267 1828 3305 cum
1836 3268 1914 3308 Rex
1927 3273 2051 3310 omnia

1106 3311 1249 3350 confert
1270 3314 1313 3350 ad
1330 3314 1478 3352 salutem
1492 3314 1672 3364 publicam
1686 3326 1700 3360 ;
1725 3315 1911 3366 Tyrannus
1926 3320 2049 3359 omnia

1105 3371 1184 3411 agat
1201 3372 1326 3407 contra
1341 3363 1488 3399 eandem
1513 3373 1526 3411 3
1551 3362 1665 3399 media
1686 3364 1741 3401 via
1763 3365 1898 3406 incedit
1922 3370 2048 3408 Domi·

1105 3423 1193 3452 nus,
1210 3412 1272 3461 qui
1300 3423 1368 3449 nec
1383 3412 1492 3448 refert
1507 3412 1628 3448 omnia
1674 3412 1768 3452 rimo
1790 3416 1835 3453 ad
1854 3421 2047 3458 commoda

1103 3461 1258 3504 civium,
1278 3472 1346 3497 nec
1362 3469 1484 3496 tamen
1499 3459 1558 3496 illa
1573 3470 1644 3509 neg
1659 3462 1737 3512 git,
1758 3464 1816 3502 sed
1838 3465 2047 3508 secundario

1103 3520 1227 3553 curat,
1243 3508 1550 3556 postquam-rebus
1570 3518 1654 3547 ante
1671 3514 1793 3550 omnia
1817 3515 1884 3553 suis
1907 3519 2045 3568 prospe-

1101 3558 1165 3596 xit.
1211 3559 1343 3596 Totam
1358 3566 1436 3594 rem
1451 3556 1643 3597 declaravit
1655 3560 1858 3603 Aristoteles
1873 3576 1956 3605 tum
1972 3569 2044 3606 ali-

1919 3615 2045 3667 bipaf
