2300 3862
235 97 298 135 02

193 103 369 208 {eindul
398 152 553 199 entiam
576 159 695 192 tuam
709 179 722 197 ,
774 147 817 189 ui
850 156 891 188 te
929 155 1047 201 putat
1075 144 1132 187 so.

197 228 311 275 ptem
320 214 381 255 mi
398 211 449 254 lia
459 207 643 262 capitum
652 203 736 246 sola
775 198 921 244 onass'e.
964 199 1134 242 -Dona-

196 274 244 316 sti
256 267 506 320 omnia‚quae
514 260 613 303 stare
620 258 758 311 fecisti,
763 266 1008 312 quanquam
1016 254 1133 298 enim
1201 288 1204 289 ⁷

195 325 332 370 adhuc
348 320 418 364 sub
434 314 596 374 pristina
611 310 1014 373 fiircinayacillemus
1039 338 1055 364 ‚
1070 319 1132 352 ta-

194 391 296 426 men
325 375 456 418 levior
485 370 648 415 videtur
671 397 685 422 ‚
699 379 797 430 quia
833 375 973 408 vicmo
997 375 1131 407 nemo

193 432 412 492 praefertur·
425 457 442 482 ,
473 422 722 470 exonerandi
751 419 1023 475 *praesumptio
1059 418 1139 462 dat-

193 486 434 547 patientiam
450 478 677 525 sustinendi.
733 475 862 519 Certe
885 478 930 518 &
953 486 1067 517 nunc
1081 474 1155 527 li-k
1393 529 1401 536 ¹
1565 530 1571 537 ⁸

1142 559 1147 562 -
1178 541 1319 572 unum
1338 529 1574 584 cujusmodi
1595 528 1650 571 est
1664 560 1677 578 ,

192 544 277 588 beri
319 549 503 597 parentes
544 534 634 578 suos
659 531 859 574 chariores
876 529 1030 572 habent
1043 558 1059 583 ‚
1072 533 1131 572 -δι

193 597 329 643 mariti
344 593 535 648 conjuges
559 600 652 631 non
672 586 841 642 gravate
868 594 1033 648 tuentur
1045 614 1058 634 ,
1072 587 1131 647 ⁹&

190 663 375 711 parentes
401 643 639 691 adultorum
666 654 759 704 non
800 649 981 696 poenitet
1025 638 1131 683 filio-

190 723 307 758 rum,
328 713 506 761 quorum
526 710 657 742 onera
680 696 752 740 sibi
766 694 922 737 remissa
929 695 1128 756 laetantur.

190 765 250 809 Ita
266 761 464 806 omnium
489 756 614 811 pietas
638 751 744 795 olim
760 750 852 793 fessa
867 749 934 792 res
952 759 1028 792 irat
1043 779 1058 803 ,
1084 752 1130 793 &

189 820 281 864 suos
303 823 511 871 quemque
532 809 647 864 juvat
675 818 891 868 numerare
921 816 1091 847 ecurum
1117 834 1131 854 ,

191 875 291 918 cum
310 870 444 926 plures
461 864 659 919 adjuvant
675 861 867 916 obsequia
881 870 1130 915 paucorum,

219 929 276 970 uo
292 923 425 979 magis
447 921 513 984 spe
536 918 661 961 futuri
683 915 883 972 temporis
908 915 1130 977 elevamur.

188 942 410 1028 Recreatur
417 986 583 1019 annnus
594 972 800 1029 securitate
831 980 1022 1026 praeteriti
1040 999 1053 1023 ‚
1068 982 1129 1012 re-

189 1035 394 1086 missisc‘iue
407 1030 570 1085 reliquis
585 1027 689 1090 nihil
698 1026 766 1081 est,
775 1024 893 1123 (ἑυοά
915 1024 1128 1080 expectan-

190 1094 295 1137 dum
309 1082 780 1139 timendumqueahquo
819 1081 972 1125 virium
982 1088 1129 1123 ventu-

189 1149 243 1193 ris
284 1137 621 1202 pensitationibus
659 1147 785 1193 neget
808 1165 823 1190 ‚
859 1136 918 1178 ita
935 1136 1127 1201 duorum

189 1208 436 1257 temporum
461 1207 553 1251 quae
576 1194 668 1236 sunt
682 1222 696 1247 ,
728 1187 915 1254 maxima
930 1188 1129 1253 ‚molestia

185 1256 341 1303 liberati
356 1254 510 1304 furnus,
527 1258 677 1298 unum,
686 1257 809 1302 atque
825 1244 867 1288 id
880 1256 1128 1300 minimum,

188 1313 303 1357 brevi
320 1310 459 1353 labore
474 1303 742 1360 transigimus.
772 1299 894 1345 Nam
908 1299 1012 1342 ¹esim
1025 1310 1130 1354 prae-

187 1364 356 1413 teritum
371 1369 538 1417 tempus
557 1371 640 1415 pro
656 1356 798 1412 modo
821 1355 894 1398 suo
913 1355 1097 1410 longum
1113 1382 1128 1408 ‚

188 1424 376 1468 futurum
390 1416 392 1418 ’
405 1427 546 1460 autem
576 1412 789 1457 infinitum
837 1410 884 1453 fit
900 1440 915 1465 ‚
957 1408 1129 1465 pra-sens

187 1480 341 1526 breve,
366 1477 413 1518 ’δε
443 1471 600 1526 semper
638 1471 688 1512 ‘in
729 1476 889 1531 partem
911 1475 1130 1519 utramque

189 1531 388 1583 mutabile
403 1558 417 1582 ,
438 1527 537 1569 cum
553 1526 577 1568 a
593 1533 797 1580 praetento
819 1522 1068 1576 relinquatur
1083 1523 1130 1562 &

189 1585 359 1634 transeat
372 1582 642 1635 infuturum,
661 1590 767 1621 unus
783 1577 852 1619 hic
880 1588 1015 1618 annus
1030 1586 1140 1630 pro--

188 1644 240 1701 pe
255 1641 413 1686 sensum
435 1649 530 1680 -non
571 1634 696 1677 habet
740 1628 984 1694 difficultatis
1000 1647 1006 1651 “
1023 1630 1133 1675 duo—

189 1706 284 1743 rum
300 1704 544 1750 temporum
567 1688 835 1744 indulgentiis
880 1683 1131 1738 <coar-ecatus,

187 1759 233 1799 &
245 1750 360 1808 qua'fi
373 1745 578 1792 'terminus
593 1744 767 1800 quidam
789 1740 943 1798 pofitus
961 1736 1132 1802 ¹felicita—

186 1811 218 1853 ti
235 1808 443 1862 utriusque
469 1799 666 1848 confinii,
687 1798 758 1854 qui
782 1810 861 1840 nos
884 1800 930 1840 &
952 1806 1132 1852 praeteri-

187 1864 234 1909 to
251 1861 400 1907 liberos
420 1857 517 1901 facit
532 1886 546 1911 ‚
560 1855 667 1899 &in
682 1854 823 1897 futuro
847 1851 1036 1900 securos,
1049 1863 1095 1892 ca
1119 1880 1131 1892 .

193 1928 258 1964 1'2.
285 1910 680 1976 ‘gratiarumablionis
690 1904 944 1962 coefiantino
957 1906 1077 1962 Augu
1091 1906 1132 1947 to

184 1997 186 2001 ·
273 1987 311 2015 α.

188 1973 361 2072 ἰιέὶἶάειῃ
383 2016 626 2068 Eumenius:
653 2014 878 2075 Qidquid
903 2026 1008 2080 terra
1039 2028 1132 2060 coe-

188 2085 361 2139 lum'que
390 2077 556 2136 parcius·
579 2075 780 2119 dederunt
803 2102 817 2128 ,
844 2072 967 2135 nobis
988 2083 1132 2136 tamen

182 2153 236 2184 ex
250 2134 543 2181 beneficio'tuo
566 2142 714 2190 natum
743 2128 799 2191 est
813 2159 828 2178 ‚
881 2140 923 2170 u1
946 2139 1132 2182 quinque

183 2199 400 2239 ¹annorum
422 2188 577 2243 reliqua
587 2183 784 2229 remisisti.
888 2194 1052 2242 uaenam
1061 2192 1128 2225 to-

187 2263 235 2295 to
249 2252 449 2292 terrarum
462 2242 584 2287 'Orbe
599 2240 684 2295 auri
708 2237 946 2304 argentique
962 2237 1132 2280 Metalla

186 2318 277 2349 tam
293 2304 402 2357 larga
409 2299 501 2343 sunt
517 2328 529 2347 ,
554 2294 809 2352 quisTagus,
821 2304 966 2355 quisue
985 2291 1131 2356 Ραᾷο-

187 2362 249 2404 lus
257 2368 376 2401 tanto
404 2354 518 2397 fluxit
547 2363 669 2399 auro,
684 2360 892 2405 quantum
908 2348 1132 2411 ‘liberali-ta-

187 2426 229 2459 te
244 2406 686 2456 tua-consecutisumus
700 2407 721 2447 ἓ
746 2414 827 2462 'nos
851 2416 966 2455 erum
995 2416 1130 2458 majo-

186 2471 240 2513 ris
255 2467 309 2511 est
317 2465 498 2508 muneris
520 2462 592 2504 ab's
606 2471 646 2504 te
660 2457 861 2515 accepisse.
915 2456 1130 2514 Qnimo

187 2522 347 2582 quanto
363 2519 419 2562 est
442 2516 580 2560 durius
623 2514 875 2577 extorqueri,
889 2513 1011 2569 quod·
1035 2527 1140 2572 pro--

186 2581 327 2636 prium
344 2575 417 2623 est,
436 2574 562 2628 quam
580 2583 671 2613 non
687 2581 894 2625 acquirere
907 2567 1025 2624 quod
1042 2569 1140 2612 fue:

185 2637 241 2679 rit
257 2627 597 2679 alienum‚tanto
610 2623 774 2668 vdulcior
799 2623 854 2667 est
877 2622 1035 2666 remissa
1052 2623 1130 2668 sol·

186 2688 315 2735 vendi
337 2681 540 2728 neceffitas
562 2709 576 2733 ‚
603 2681 732 2746 quarn
774 2676 957 2722 lucrandi
982 2690 1129 2734 optata

186 2738 484 2788 commoditas.
540 2734 686 2790 Qam
698 2734 822 2777 multi
837 2763 851 2788 ‚
866 2733 934 2776 Im·
963 2747 1015 2777 er.
1037 2735 1129 2778 Au-

185 2799 320 2856 guste,
341 2804 452 2852 ‘quos
473 2788 618 2845 Inopia
632 2788 786 2831 latitare
799 2801 870 2844 per
885 2789 923 2831 sa
938 2799 1002 2832 tus
1017 2819 1032 2843 ‚
1053 2800 1127 2834 aut

184 2855 314 2899 etiam
328 2847 375 2895 in
395 2847 566 2901 exilium
595 2843 653 2886 ire
676 2843 956 2904 compulerat,
976 2841 1048 2887 ista
1064 2857 1128 2888 re-

184 2907 375 2953 miffione
392 2902 650 2957 ‘reliquorum
678 2909 724 2940 m
747 2897 885 2939 lucem
900 2909 1051 2941 exeunt
1079 2900 1125 2943 in

185 2960 364 3021 patriam
405 2962 659 3001 revertuntur
673 2981 688 3005 ,
720 2950 910 2994 desinunt
939 2952 1013 2996 odi
1045 2966 1068 2994 e
1082 2967 1125 2997 a-

183 3023 358 3076 grorum
392 3012 560 3057 suorum
595 3006 843 3051 sterilitatem
863 3036 877 3055 ,
944 3006 1125 3053 resumut

183 3075 326 3117 nimos
341 3070 455 3126 operi
469 3097 485 3122 ‚
498 3073 724 3121 praeparant
732 3061 958 3122 culturam,
972 3063 1123 3106 melio-

183 3129 294 3172 ribus
326 3126 568 3169 annituntur
601 3116 782 3172 auspiciis
809 3147 823 3165 ,
848 3114 1024 3158 revisunt
1045 3117 1123 3160 do-

182 3196 280 3228 mos
295 3213 310 3241 ‚
330 3182 508 3226 referunt
522 3182 623 3221 vota
631 3170 810 3227 templis,
816 3173 897 3216 δίε,
924 3172 1048 3226 capite
1054 3172 1121 3215 de-

606 75 648 121 C
655 73 820 139 asparis
832 71 1022 120 Klockii
1034 70 1092 120 de
1101 73 1211 120 AEra
1218 74 1290 129 rio
1300 70 1741 136 LibrinaeaputL·

1182 143 1305 240 {7310-
1334 155 1450 188 uarto
1469 143 1862 203 gratiarumae'lionis
1878 147 2133 205 Constantina

1225 212 1252 241 u
1277 212 1304 242 n
1336 233 1347 244 .
2056 220 2073 223 π’
2096 235 2098 237 .
2130 236 2133 239 ,

1273 253 1431 297 undem
1446 254 1501 296 ad
1515 254 1702 297 modum
1723 253 1931 299 Ausonius
1953 244 2122 313 Panegy-
2137 290 2151 313 Ι
2162 292 2179 326 5

1182 307 1263 351 rico
1271 308 1348 359 ‚ad
1359 308 1601 351 Gratianum
1615 307 1753 366 Impen
1760 308 1914 365 Neque
1928 312 2040 360 vero,
2045 312 2122 365 ait,

1183 376 1317 407 unum
1333 363 1504 419 aliquod
1535 365 1701 407 bonurn
1729 377 1819 410 uno
1841 364 1909 408 die
1932 365 2122 421 praestasr5

1182 417 1250 462 sed
1273 419 1548 475 indulgentias
1565 418 1753 462 seculares
1776 431 1847 481 per
1874 420 1930 462 fin
1961 421 2028 462 ula
2044 421 2123 463 ho-

1182 483 1320 530 rarum
1345 484 1571 517 momenta
1606 474 1725 516 multi
1756 473 1863 516 hcas.
1961 476 1998 517 el
2019 474 2121 523 illud

1735 541 1768 571 et
1785 528 2037 573 condonatis
2059 543 2122 573 re·-

1183 583 1304 627 siduis
1321 585 1571 627 tributorum
1588 586 1610 626 2³
1636 583 1753 640 quod
1769 594 1814 627 tu
1830 585 1961 639 quam
1975 597 2125 628 eumue-

1183 639 1266 682 lata
1284 639 1471 681 bonitate
1486 638 1610 682 fecisti
1624 642 1646 682 ἓ
1673 638 1782 694 Qis
1790 650 1977 694 unquam
1986 638 2122 696 {mpe-

1183 693 1467 736 ratorumhoc
1498 694 1723 749 provinciis
1737 694 1814 736 suis
1842 704 1914 737 aut
1935 695 2139 747 uberiore,

1183 759 1225 792 te
1239 742 1492 804 indulgentia
1507 749 1620 792 dedit
1633 781 1646 799 ,
1669 759 1740 792 aut
1754 749 1924 792 certiore
1940 749 2124 799 securitaf

1183 813 1225 846 te
1241 803 1445 865 prospexit
1478 832 1493 856 ‚
1522 815 1596 846 aut
1623 802 1840 860 prudentii
1875 805 2124 851 'consultiore

1182 859 1367 901 munivit
1389 861 1410 901 ἓ
1434 856 1593 901 Fecerat
1608 863 1652 902 ὅ(
1676 858 1877 914 Traianus
1903 860 2009 903 olim
2023 893 2034 910 ,
2057 858 2127 904 sed

1183 914 1366 969 partibus
1406 915 1571 956 retentis
1615 927 1706 956 non
1741 914 1918 958 habebat
1960 925 2123 959 tantam

1180 967 1510 1011 oblectationem
1553 967 1725 1011 conceffi
1767 969 1894 1012 debiti
1940 971 2082 1024 portio
2107 1000 2123 1020 ,

1182 1033 1339 1078 quanta
1380 1022 1534 1065 suberat
1573 1023 1812 1066 amaritudo
1845 1023 1999 1067 servari.
2068 1022 2122 1069 Et

1184 1077 1400 1122 Antonius
1419 1078 1636 1120 indulserat
1650 1108 1667 1130 ,
1694 1077 1760 1120 sed
1776 1079 1938 1134 imperii
1953 1092 2045 1123 non
2052 1081 2124 1123 be·

1183 1132 1514 1175 neficiisuccefior
1528 1134 1704 1178 invidit;
1730 1134 1803 1188 qui
1824 1147 1872 1176 ex
1894 1133 2125 1178 documen-

1179 1188 1234 1230 tis
1254 1187 1484 1243 tabulisque
1499 1189 1644 1243 populi
1659 1188 1900 1231 condonata
1923 1190 2124 1244 repetivit.

1180 1243 1251 1288 ‘Tu
1273 1253 1518 1298 argumenta
1541 1244 1688 1286 onmia
1721 1243 1932 1298 flagitandi
1955 1245 2127 1300 publici·-

1184 1298 1249 1342 tus
1263 1299 1400 1341 ardere
1415 1298 1544 1353 juffisti
1554 1297 1707 1348 ‚videri
1717 1299 1760 1341 in
1768 1298 1844 1342 suis
1860 1311 2034 1355 quaeque
2055 1300 2124 1343 fo-

1183 1354 1236 1396 ris
1248 1365 1402 1405 omnes
1417 1354 1597 1397 civitates
1622 1352 1755 1396 confla
1787 1353 1991 1397 rationem
2017 1355 2123 1399 salu-

1184 1408 1265 1452 bris
1291 1407 1472 1452 incendii
1495 1437 1510 1462 ‚
1537 1409 1733 1451 ardebant
1789 1409 1892 1465 irpes
1929 1407 2125 1454 fraudum

1183 1474 1373 1508 veterum
1387 1494 1403 1513 ,
1431 1463 1630 1507 ardebant
1650 1464 1863 1508 ‘seminaria
1883 1464 2126 1508 futurarum.

1182 1516 1277 1573 Jam
1291 1517 1328 1562 se
1342 1531 1441 1562 cum
1455 1519 1620 1574 pulvere
1635 1518 1768 1562 favilla
1782 1518 1994 1563 miscuerat
2009 1551 2022 1569 ,
2039 1519 2125 1576 jam

1183 1574 1362 1617 nubibus
1374 1575 1517 1617 fumus
1532 1573 1762 1617 involverat
1776 1579 1856 1630 ³2&
1878 1574 2018 1617 adhuc
2047 1577 2124 1618 ob-

1184 1630 1299 1672 noxii
1322 1630 1368 1671 in
1390 1629 1550 1685 paginis
1573 1630 1845 1673 concrematis
1871 1629 2016 1673 ductus
2037 1630 2126 1686 api-

1184 1696 1283 1727 cum
1306 1689 1350 1728 &
1376 1685 1647 1728 sestertiorum
1668 1695 1791 1727 notas
1819 1697 1918 1727 cum
1942 1684 2125 1729 lubentia

1182 1739 1238 1783 'de
1253 1740 1411 1782 ratione
1434 1740 1652 1784 cernebant
1666 1769 1681 1793 ,
1704 1739 1822 1795 quod
1845 1740 2126 1796 meminerant

1185 1794 1375 1851 legi,legi
1390 1794 1503 1851 poss'e
1518 1805 1716 1839 verentes.
1767 1793 1889 1851 Qd
1905 1794 2124 1853 indulgen—

1185 1851 1265 1894 tius
1280 1860 1341 1905 te,
1358 1850 1464 1906 quid
1500 1849 1633 1906 p'otest
1665 1848 1743 1893 efl‘e
1755 1850 2004 1904 consultius3
2030 1862 2125 1907 quae

1185 1907 1298 1949 bona
1312 1905 1494 1961 praestas,
1508 1903 1644 1959 efficis,
1653 1917 1708 1948 ne
1722 1905 1876 1950 caduca
1896 1903 1974 1950 fint
1985 1919 2005 1952 ;
2032 1917 2126 1962 quae

1184 1961 1296 2060 ingla
1309 1960 1480 2015 adimis,
1494 1961 1701 2017 prospiciS,
1715 1973 1769 2005 ne
1796 1958 1947 2017 pofl‘mt
1974 1959 2049 2005 effe
2063 1973 2126 2006 re-

1182 2029 1223 2059 ·c1
1253 2028 1330 2059 1va.

1194 2125 1198 2127 v
1239 2069 1434 2114 Praeclare
1454 2070 1635 2125 Julianus
1664 2069 1730 2114 Im
1762 2083 1814 2114 er.
1849 2070 2011 2127 Epistol.
2049 2081 2122 2127 48.
2144 2099 2185 2132 16

1185 2125 1300 2191 Qia
1314 2156 1329 2180 ,
1350 2127 1411 2168 ait
1427 2158 1440 2177 ,
1463 2126 1681 2170 confilium
1704 2139 1726 2168 e
1793 2125 1981 2169 nostrum
1994 2155 2011 2181 ,
2030 2138 2126 2170 non

1184 2194 1314 2238 quam
1349 2182 1526 2237 plurima
1562 2182 1585 2224 e
1616 2180 1783 2224 subditis
1803 2182 1992 2237 colligere
2017 2210 2032 2235 ,
2056 2179 2125 2225 sed

1216 2237 1315 2279 uam
1363 2236 1594 2292 plurimum
1638 2238 1693 2280 eis
1728 2235 1912 2335 ffiodeffe
1926 2265 1942 2291 ,
1981 2236 2130 2280 iccirco

1214 2292 1321 2335 ebita
1333 2291 1641 2335 condonamus.
1684 2344 1686 2346 q
1784 2304 1887 2347 eque
1907 2301 2050 2342 tamen
2071 2304 2122 2335 0-

1184 2346 1396 2401 mnia,sed
1406 2359 1497 2403 pars
1510 2360 1594 2389 una
1610 2344 1731 2403 vobis
1745 2376 1759 2400 ‚
1774 2347 1896 2390 altera
1923 2346 2124 2389 militibus

1182 2401 1330 2445 cedat:
1357 2414 1451 2458 quae
1481 2402 1654 2458 quidem
1671 2404 1715 2445 Sc
1729 2401 1841 2456 ipso,
1862 2401 2045 2443 maxima
2067 2413 2116 2443 ex

1182 2468 1296 2514 parte
1312 2458 1441 2501 vestra
1456 2459 1532 2500 erit
1548 2486 1561 2511 ,
1573 2457 1675 2500 cum
1698 2455 1914 2511 praesertim
1941 2456 2049 2510 pacis
2075 2460 2121 2500 δε

1179 2512 1398 2556 securitatis
1460 2512 1601 2556 vestrae
1669 2508 1788 2553 causii
1847 2509 2121 2566 impendatur.

1183 2568 1325 2625 Qare
1349 2580 1476 2622 usque
1504 2567 1560 2610 ad
1583 2567 1751 2611 tertium
1773 2565 1974 2608 tributum
1997 2565 2119 2609 vobis

1179 2623 1450 2677 remittimus,
1459 2622 1663 2678 quidquid
1679 2621 1702 2664 e
1719 2621 1924 2676 praeterito
1953 2631 2120 2676 tempo-

1181 2692 1224 2722 re
1255 2677 1497 2722 defideratur
1513 2707 1527 2730 ‚
1552 2677 1742 2731 deinceps
1765 2686 1904 2717 autem
1929 2674 2091 2719 solvetis
2105 2704 2121 2730 ‚

1178 2734 1280 2777 ficut
1295 2732 1549 2776 consuetudo
1564 2729 1872 2788 postulat.Nam
1883 2734 1927 2773 δε
1941 2742 2033 2785 quae
2041 2743 2126 2785 vo-I

1181 2790 1243 2832 bis
1251 2788 1557 2839 dedimus,satis
1567 2787 1697 2830 multa
1711 2784 1824 2827 sunt:
1847 2798 1981 2840 neque
1994 2786 2118 2830 nobis

1178 2843 1374 2900 Reipubl.
1389 2844 1568 2886 rationes
1582 2841 1673 2884 sunt
1708 2840 1972 2896 negligendae.
2027 2840 2115 2884 Hac

1233 2899 1286 2943 de
1304 2912 1347 2943 re
1381 2896 1590 2954 praefe&os
1602 2893 1807 2951 scripfi,ut
1816 2894 2061 2941 beneficium

1357 2954 1479 2997 vobis
1486 2952 1614 2997 verbo
1623 2949 1770 2993 datum
1777 2962 1819 2993 re
1834 2962 1924 3006 per-

1563 3005 1754 3050 solvatur.

1892 3588 2118 3640 ANNO·
