2295 3872
218 258 274 285 tet
290 274 301 291 ,
323 248 525 294 Imperator
541 240 680 277 Sinicus
706 239 806 276 haud
825 237 946 275 minus
961 237 1071 286 quam
1091 235 1172 272 mil-

218 298 576 334 lionemmtvocant,
596 289 776 332 militum,
794 288 851 325 seu
873 287 992 323 decies
1014 296 1171 323 centena

218 345 343 383 millia.
400 341 500 378 Muri
523 339 680 377 altitudo
706 338 854 387 triginta
880 336 1081 372 Sinensium
1107 347 1171 372 cu-

218 395 380 430 bitorum
406 393 583 441 (quorum
598 388 774 439 quilibet,
780 385 1013 436 stapputante
1027 383 1170 421 Autho-

216 455 258 480 re
265 440 401 478 admir.
414 437 462 481 όν
475 439 582 486 artis?
599 440 686 476 sina
705 432 751 478 ἀ·
765 440 924 520 Ειινοίι,
939 443 1056 484 cap-3.
1062 434 1166 480 facit

209 492 338 542 pedem
353 488 607 527 architeerurae
621 501 635 524 .·
661 485 779 538 paffus
798 482 847 521 ha
874 494 910 520 et
923 483 995 531 fix
1010 485 1169 527 cubitos,

205 541 354 593 pertica
363 540 479 575 decem
492 537 534 587 ‚st
537 536 665 575 adium
675 542 851 572 numerat
857 546 878 577 3
885 535 905 569 ό
911 546 926 568 0
933 560 942 569 .
947 532 1066 583 paffia
1075 529 1168 580 ἅτ.)

213 590 292 636 est3
324 589 487 626 latitudo
507 586 702 624 duodecim
729 584 763 620 &
789 583 912 632 saepius
938 583 1170 632 quindecim,

215 640 296 688 (ita
313 646 359 676 ut
373 637 456 685 teste
464 636 653 674 Martim'o
668 634 710 670 in
726 632 797 669 dec.
814 635 841 668 I.
857 631 986 680 Hister.
1008 632 1082 669 Sin.
1105 632 1170 669 lzb.

216 693 249 726 6.
256 687 362 736 finos
373 687 491 736 simul
504 688 550 727 όν
565 684 706 721 menos
728 683 843 720 etiam
868 683 1007 732 equites
1028 683 1162 731 capiat,

214 736 314 776 nullo
339 746 450 774 extra
467 735 629 771 orbitam
652 731 805 769 labendi
814 730 977 781 periculo
987 744 1002 774 ‚·
1020 733 1034 777 )
1075 731 1168 768 Sinae

209 788 361 838 quidem
380 785 486 822 Vanli
500 783 612 832 Ching
623 781 735 831 vulgo
754 781 883 818 dicunt
896 807 909 826 ‚
936 781 1010 817 hoc
1027 779 1088 823 est,
1105 780 1168 816 de-

211 849 296 875 cem
314 836 468 873 millium
492 833 690 869 stadiorum
715 831 854 868 moenia
872 855 884 874 ,
909 842 986 878 quo
1009 841 1166 866 numero

213 899 293 924 non
307 897 427 922 veram
439 910 449 926 ‚
468 881 526 920 sed
542 883 749 930 ingentem,
764 892 806 918 ac
820 879 1068 966 ffidigiosam
1087 891 1168 915 mu-

212 937 244 973 ri
261 933 528 984 longitudinem
558 932 834 968 denotante-*c*
908 929 1006 965 enim
1030 928 1166 965 ducen-

211 994 249 1022 ta
261 1011 270 1027 ‚
289 984 321 1020 8<
338 981 602 1033 quinquaginta
617 980 737 1018 Sinica
754 979 862 1016 stadia
877 978 1031 1028 gradum
1048 990 1165 1014 unum

208 1033 418 1082 AEquatoris
455 1031 679 1068 constituant
711 1055 723 1074 ‚
771 1027 1034 1066 extenderetur
1068 1026 1164 1063 illius

207 1083 404 1131 longitudo
422 1082 465 1117 ad
485 1080 618 1130 gradus
634 1078 789 1116 omnino
806 1078 1046 1128 quadraginta
1061 1102 1072 1120 ,
1100 1076 1163 1124 qui

208 1129 355 1170 lonaius
376 1131 529 1180 spatium
548 1137 733 1178 occupant
749 1153 760 1171 ,
787 1127 900 1177 quam
917 1135 996 1163 tota
1012 1127 1090 1162 haec
1105 1137 1163 1162 ex·

209 1191 329 1219 trema
351 1179 428 1217 Asia
451 1181 487 1216 in
507 1178 778 1228 longitudinem
801 1185 979 1213 excurrat.
1030 1174 1163 1211 Incho-

208 1232 283 1268 avir
310 1231 381 1266 hnc
403 1240 496 1278 opus
516 1229 611 1264 Xius
637 1227 842 1276 Imperator
865 1226 966 1262 Cinae
992 1224 1162 1273 Imperia·

209 1280 251 1319 li<
267 1279 408 1315 familiae
435 1276 561 1314 austor
584 1303 595 1321 ‚
620 1277 683 1326 qui
703 1277 842 1313 Sinicos
866 1275 1106 1323 Imperatores
1123 1285 1161 1310 o-

206 1341 313 1367 mnes
339 1329 371 1365 δε
399 1339 554 1376 operum
581 1326 832 1375 magnitudine
859 1324 1023 1361 &rerum
1050 1322 1160 1371 gesta-

207 1391 290 1417 rum
309 1391 356 1415 ac>
366 1377 494 1414 bellica
511 1376 643 1425 gloria,
662 1375 720 1412 vel
740 1373 896 1424 aequavit
911 1399 922 1417 ,
936 1372 997 1410 vel
1019 1372 1159 1420 supera·

204 1429 269 1465 vit.
322 1428 392 1464 Hic
409 1426 598 1476 postquam
618 1435 737 1461 totam
755 1424 823 1469 jam
843 1424 965 1459 Sinam
982 1448 993 1466 ‚
1017 1421 1159 1458 devicta

204 1478 336 1514 C'neva
361 1476 493 1512 familia
508 1502 517 1516 ‚
545 1476 609 1512 suo
627 1472 823 1522 subjecisset
837 1471 992 1522 imperio
1008 1497 1019 1515 ,
1034 1483 1077 1508 ex
1087 1471 1159 1507 Re-

205 1528 294 1577 gulo
322 1526 435 1563 safius
467 1526 670 1574 Imperator
701 1524 875 1560 Tartaros
907 1521 1001 1570 ipsos
1035 1520 1158 1557 multis

201 1575 415 1625 magnisque
437 1574 599 1612 cladibus
620 1571 772 1610 afflixit:
799 1581 840 1609 ut
865 1580 988 1607 autem
1017 1568 1158 1606 futuras

202 1638 334 1665 eorum
364 1626 399 1661 in
427 1624 609 1667 posterum
639 1623 676 1659 in
702 1622 811 1671 ipsam
835 1621 956 1657 Sinam
983 1619 1155 1668 irruptio-

202 1688 269 1713 nes
291 1671 505 1725 reprimeret
520 1701 531 1718 ,
549 1672 729 1723 planeque
753 1669 948 1719 impediret
971 1695 982 1713 ‚
1007 1680 1156 1705 murum

199 1726 302 1763 hunc
328 1736 502 1769 magnum
525 1722 696 1760 exstruxit
722 1747 734 1765 ,
794 1732 844 1756 uo
868 1728 1044 1769 tanquam
1068 1730 1157 1755 con-

199 1776 311 1813 tinuis
339 1774 521 1810 mter-ibus
546 1780 739 1809 arceantur
760 1733 913 1806 ”sartari
963 1767 1156 1817 Aggressus

199 1825 250 1863 effi·
268 1836 360 1873 opus
378 1835 476 1859 anno
494 1821 652 1859 secundo
672 1821 721 1856 sui
747 1817 892 1868 Imperii
909 1818 1014 1867 supra
1032 1817 1155 1866 vigesi-

201 1887 306 1912 mum
318 1900 328 1917 2
353 1873 414 1922 qui
434 1871 504 1908 fuit
523 1880 608 1908 ante
622 1869 806 1907 Christum
834 1877 961 1905 natum
978 1867 1155 1903 ducente-

201 1924 309 1961 ίιιηυς
338 1923 502 1958 decimus
525 1921 676 1970 quintus
695 1944 707 1962 ,
733 1918 767 1954 δε
791 1918 954 1966 quinque
979 1917 1082 1953 annis
1095 1926 1154 1952 to-

198 1982 275 2009 ta=n
292 1971 444 2008 absolvit
461 1970 633 2007 fabricam
653 1967 856 2004 incredibili
875 1966 1073 2002 hominum
1090 1964 1154 2002 ad-

199 2022 446 2059 lhorantium
473 2019 710 2056 multitudine
734 2029 744 2052 ε
770 2028 855 2053 nam
880 2027 925 2052 ex
952 2015 1054 2052 denis
1077 2024 1152 2051 tres

197 2073 295 2107 siros
307 2069 419 2107 adeffe
435 2081 500 2118 per
513 2078 632 2105 totam
650 2067 771 2104 Sinam
784 2064 925 2102 delestu
945 2064 1069 2101 habito
1086 2075 1150 2101 vo-

196 2120 277 2159 luit.
328 2119 445 2155 Variis
460 2119 497 2154 in
513 2118 674 2167 partibus
689 2114 791 2164 regni
809 2113 997 2151 exstructio
1014 2124 1150 2164 coepta,

199 2170 234 2206 8<
252 2167 494 2219 quinquennii
519 2168 630 2216 spatio
658 2163 859 2201 incredibili
876 2163 1070 2201 velocitate
1090 2165 1151 2200 ab·

195 2219 314 2256 soluta
337 2245 346 2259 ‚
374 2218 475 2253 tanta
502 2216 620 2265 operis
646 2214 816 2251 firmitate
842 2226 884 2250 ac
911 2213 1089 2249 soliditate
1105 2226 1150 2251 ex

195 2268 307 2306 meris
324 2266 458 2304 scilicet
474 2264 624 2302 silicibus
641 2290 650 2304 ‚
677 2262 928 2312 lapidibusque
943 2288 954 2305 ,
978 2271 1020 2298 ut
1041 2261 1149 2299 sicubi

197 2319 321 2356 clavus
351 2314 449 2364 infigi
472 2314 588 2364 posset
616 2325 682 2363 per
704 2313 865 2362 lapidum
891 2310 1148 2357 commissuras,

193 2377 319 2405 morte
337 2365 481 2402 luerent
505 2390 517 2408 ,
543 2364 605 2413 qui
621 2372 761 2412 partem
787 2361 883 2398 illam
903 2360 1147 2407 fabricassent,

198 2417 256 2454 Ad
269 2417 392 2452 sinum
414 2414 523 2451 maris
549 2440 559 2457 ‚
587 2413 622 2448 in
642 2423 717 2461 quo
735 2410 827 2448 illius
843 2411 986 2447 initium
1003 2424 1069 2460 per
1086 2412 1148 2449 ali-

197 2475 292 2514 quot
309 2465 414 2501 stadia
437 2475 547 2512 aquas
568 2462 659 2498 subit
674 2487 685 2505 ‚
719 2460 877 2497 scribunt
900 2460 991 2497 Sinae
1008 2461 1053 2497 ad
1070 2462 1147 2498 haec

200 2515 267 2551 sub
284 2514 383 2563 aquis
399 2513 558 2559 jacienda
576 2511 817 2548 fundamenta
836 2537 845 2553 ‚
861 2509 1147 2559 quamplurimas

196 2575 306 2601 nat-es
327 2575 400 2598 non
419 2561 597 2610 lapidibus
612 2587 622 2603 ,
638 2561 698 2598 sed
716 2561 818 2597 crudi
837 2559 920 2596 ferri
938 2558 1054 2595 masiis
1072 2560 1146 2608 ple-

195 2625 261 2650 nas
276 2610 376 2647 fuisse
402 2611 587 2647 demerssis.
639 2610 704 2647 His
728 2610 872 2646 innixus
897 2607 1146 2646 fundamentis

195 2659 343 2710 assurgit
354 2660 531 2696 Occasum
543 2659 679 2704 versus,
695 2659 928 2706 &Leaotung
937 2658 1144 2707 regionem:

193 2723 284 2749 mox
300 2710 459 2746 excurrit
484 2708 529 2745 ad
546 2709 705 2758 Peking:
730 2707 814 2744 inde
830 2707 940 2744 Xansi
958 2733 969 2750 ‚
985 2707 1018 2743 &
1033 2706 1144 2744 Xensi

191 2758 399 2809 provincias
415 2758 538 2794 munit
557 2783 567 2800 ,
587 2770 659 2794 non
679 2757 774 2793 resta
799 2757 937 2805 semper
960 2756 1144 2805 progredi-

190 2820 258 2845 ens
277 2812 297 2851 ,*
317 2806 375 2843 sed
394 2806 617 2853 quandoque
634 2805 827 2842 deflestens
851 2831 862 2849 ,
888 2805 986 2851 juxta
1000 2806 1143 2842 varium

192 2857 364 2893 locorum
385 2854 500 2889 situm.
552 2852 656 2900 Opus
674 2854 754 2891 sane
771 2853 1004 2903 magnificum
1030 2866 1071 2890 ac
1089 2853 1144 2890 in-

193 2915 300 2953 gens,
317 2902 351 2938 8<
367 2902 469 2937 omni
487 2901 639 2947 dignum
657 2901 915 2944 admiratione,
933 2902 977 2938 ad
993 2902 1069 2939 haec
1085 2913 1142 2939 us-

193 2966 267 3003 qne
285 2963 453 2999 tempora
470 2939 545 2986 fere
564 2948 635 2985 sine
651 2949 729 2985 labe
745 2959 805 2985 aut
822 2951 1066 2992 noxa‚contra
1082 2961 1143 2989 tot

192 3001 339 3047 injurias
372 3009 583 3048 temporum
644 2997 813 3034 erfistens.
861 2998 947 3035 Haec
980 2999 1052 3042 ille,
1080 3000 1140 3036 cui

192 3052 366 3099 jungatur
392 3045 566 3084 Nieuhof
582 3046 612 3082 li
637 3059 675 3082 ro
692 3047 808 3082 citato
834 3056 886 3095 pa
910 3074 918 3082 .
947 3045 1141 3099 19⁰·fi'qq·

167 3104 170 3107 ’
191 3098 408 3137 Athanasius
435 3096 633 3133 Kircherus
654 3095 696 3131 in
715 3094 831 3131 china
848 3060 1037 3143 Ιθῖιζςβννιηι
1054 3105 1141 3145 par.

194 3157 256 3192 te5
293 3157 366 3197 cap.
387 3159 416 3182 1.
432 3146 492 3182 ubi
508 3155 557 3193 pa
581 3157 678 3188 ·2¹7·
698 3143 911 3193 particulam
927 3146 1023 3181 muri
1045 3145 1140 3183 illius

193 3197 363 3240 Sinensis,
381 3195 454 3244 qua
471 3195 542 3231 stru
563 3223 565 3225 .
584 3205 684 3231 uram
702 3194 762 3230 aeri
783 3191 929 3229 incisam
949 3194 993 3229 ad
1013 3194 1142 3232 oculos

195 3246 309 3291 ponit.
366 3244 462 3280 Alibi
479 3244 568 3280 verb
580 3252 688 3293 parte
707 3255 737 3278 2.
760 3251 836 3291 cap.
861 3245 892 3277 ὅ.
935 3243 1007 3279 Iter
1023 3243 1140 3281 Marci

196 3293 293 3329 Pauli
310 3293 442 3330 Veneti
460 3292 655 3335 monstrat,
667 3291 788 3328 addita
805 3291 908 3328 causi
923 3302 1035 3339 quare
1051 3292 1140 3329 Pau-

196 3339 250 3375 lus
263 3342 321 3377 ille
337 3343 372 3377 in
392 3343 526 3390 scriptis
545 3342 613 3378 suis
630 3341 767 3378 nullam
784 3339 878 3377 muri
893 3341 1075 3389 magnifici
1087 3341 1139 3377 Si-

195 3390 354 3442 ”effu-lum
368 3392 595 3428 mentionem
605 3390 719 3427 faciat.
770 3391 893 3440 Qam
905 3389 1139 3437 probabiliter

196 3446 314 3491 rejicit
334 3439 369 3472 in
383 3440 427 3478 id,
446 3440 544 3486 quod
563 3451 628 3487 per
643 3443 843 3476 Cot-eanum
858 3439 983 3475 Sinum
1001 3440 1138 3476 mariti-

194 3494 259 3520 mo
277 3493 403 3539 ¹t=r=ere
425 3488 518 3525 intra
542 3488 716 3537 catajum
743 3489 779 3524 id
795 3488 844 3525 est
859 3486 1014 3524 Chinam
1041 3487 1138 3526 forte

193 3542 423 3589 perveneriu
460 3538 505 3571 Ea·
520 3538 650 3585 qu'bns
665 3537 859 3586 apparebit,
869 3549 914 3573 an
923 3536 1015 3573 bene
1032 3537 1065 3576 se
1074 3537 1138 3576 ha-

188 3580 305 3619 beant
320 3585 465 3621 termini
479 3586 667 3633 afflockio
676 3599 784 3625 muro
792 3586 991 3626 constituti.

495 160 821 226 christophori
843 160 1009 209 Pelleri
1029 157 1398 208 Observationes
1416 172 1561 228 atque
1584 159 1870 211 Additiones·

1591 251 1703 285 Num.
1731 258 1792 284 ιε.

1316 337 1337 383 (
1355 338 1427 383 12)
1476 338 1697 387 legatorum
1723 346 1872 373 munere
1895 335 1972 377 ἀι.
1993 334 2024 385 ]
2078 335 2170 373 Inde

1219 386 1305 423 cum
1323 388 1406 423 Sina
1422 385 1461 422 sit
1477 386 1608 423 exteris
1626 386 1675 422 ita
1690 385 1807 422 clausa
1817 411 1828 428 ‚
1847 394 1889 422 ut
1906 383 2078 434 ingressus
2091 397 2171 421 non

1220 435 1325 473 facile
1341 436 1405 474 ulli
1423 438 1532 484 quam
1549 435 1676 484 legatis
1698 444 1820 484 pateat
1835 447 1848 480 3
1871 433 2002 471 Turcae
2017 457 2028 476 ,
2046 433 2173 480 Laosii,

1217 485 1485 530 Samari-candae,
1502 485 1693 534 Mogores,
1704 484 1737 525 &
1752 483 1922 521 Tibetani
1940 481 2094 533 pedestri
2110 483 2172 519 iti—

1220 547 1327 579 nere,
1344 536 1470 572 §iones
1488 534 1579 572 verb
1594 535 1628 570 ὃ(
1645 533 1821 571 Cambois
1843 533 1995 570 navibus
2016 530 2169 575 adveni,

1217 584 1320 620 Sinas
1345 585 1600 633 ingrediuntur
1614 610 1623 624 ,
1645 584 1708 620 ubi
1724 591 1789 633 per
1807 582 1960 632 speciem
1977 580 2171 630 legationis

1218 633 1375 671 traCtant
1392 635 1530 683 privata
1554 632 1806 671 mercimonia.
1859 631 1993 681 Neque
2015 631 2055 667 hi
2069 631 2169 668 Prin-

1217 684 1361 732 cipum,
1371 695 1465 732 quos
1477 683 1537 720 fibi
1554 682 1697 733 fingunt
1709 708 1720 726 ‚
1738 680 1890 719 simulati
1908 690 2072 721 oratores
2089 692 2181 718 mum

1218 744 1305 769 nera
1323 732 1387 769 suo
1413 732 1560 781 sumptu
1575 743 1697 782 parata
1718 757 1728 776 ,
1778 731 1862 768 ratis
1886 743 1905 767 a
1934 729 1984 766 ud
2007 729 2060 766 Im
2089 741 2174 770 era-1

1216 790 1337 817 torem
1353 780 1597 830 profundunt.
1646 782 1743 818 Nam
1773 778 1868 829 onge
1887 791 1910 829 p
1928 791 1992 816 ura
2009 779 2048 816 in
2076 790 2096 816 e
2111 789 2168 816 re-

1214 828 1341 868 cessuri
1362 831 1564 880 accipiunt,
1583 832 1691 880 quam
1703 831 1880 867 dederant
1894 842 1907 875 3
1924 828 1987 865 illo
2005 838 2114 877 turpe
2130 827 2169 864 si-

1215 880 1251 916 bi
1268 879 1433 917 futurum
1450 880 1675 918 existimante
1691 906 1702 923 ‚
1727 880 1749 916 si
1767 891 1964 916 munerum
1981 878 2171 928 opulentia

1214 930 1388 978 cuiquam
1398 929 1588 967 concedat.
1624 930 1744 978 ‘Qin
1765 928 1873 977 legati
1893 940 2042 971 omnes,
2058 927 2170 966 duma>

1213 979 1301 1014 inibi
1319 989 1600 1016 commorantur
1623 1003 1635 1022 ,
1661 987 1747 1016 cum
1762 988 1845 1015 toto
1868 978 2045 1015 comitatu
2061 976 2167 1013 alun-

1214 1037 1275 1064 tur
1292 1028 1312 1064 ὲ
1327 1028 1476 1077 publico
1487 1054 1498 1072 ‚
1519 1026 1722 1076 eorumque
1739 1038 1878 1064 merces
1894 1027 1995 1076 regio
2015 1025 2164 1076 sumptu

1212 1078 1250 1113 in
1268 1078 1403 1126 regiam
1420 1088 1537 1126 usque
1553 1078 1795 1126 deportantur
1810 1102 1822 1119 ,
1847 1088 1905 1113 eas
1954 1087 2164 1125 uoquover-

1213 1126 1290 1162 sum
1311 1126 1543 1169 distrahendi,
1562 1136 1626 1162 aut
1643 1137 1756 1162 novas
1775 1127 1929 1162 coemen
1960 1123 2080 1162 ifasta
2095 1137 2162 1182 po-

1211 1175 1346 1212 testate.
1358 1193 1365 1204 -·
1396 1176 1468 1212 Ubi
1494 1187 1607 1223 regno
1627 1174 1761 1211 iterum
1785 1174 1970 1212 excedunt
1994 1199 2004 1214 ,
2027 1185 2105 1223 pari
2121 1174 2163 1211 li-

1211 1224 1401 1262 beralitate
1424 1226 1471 1261 ad
1486 1225 1653 1262 Sinarum
1677 1223 1770 1261 fines
1796 1223 1895 1260 nulla
1912 1224 1972 1260 sua
1996 1222 2162 1273 impensa

1210 1275 1447 1311 deducuntur
1469 1300 1480 1318 ‚
1514 1274 1666 1311 ve&uris
1691 1274 1792 1322 regio
1818 1272 1908 1321 juffu
1928 1272 1962 1309 Sc
1984 1284 2054 1310 aere
2078 1283 2163 1322 pro-

1209 1324 1354 1360 curatis.
1404 1324 1445 1359 ld
1462 1324 1652 1372 legationis
1669 1334 1784 1372 genus
1805 1322 1937 1359 exteris
1958 1322 2161 1371 plurimum

1207 1373 1300 1409 lucri
1318 1372 1425 1410 affert
1438 1399 1449 1416 ‚
1475 1373 1595 1409 alieno
1613 1374 1759 1421 sumptu
1783 1383 1861 1409 rem
1878 1371 1977 1408 suam
1997 1371 2163 1420 augenti—

1209 1422 1287 1458 bus.
1338 1423 1479 1459 Interea
1491 1422 1675 1472 splendide
1692 1423 1933 1470 Imperatores
1948 1421 2092 1470 decepti
2109 1420 2160 1458 le·-

1208 1481 1380 1522 gatorum
1399 1482 1615 1509 commento
1630 1474 1651 1508 a
1665 1471 1823 1520 Regibus
1838 1470 2038 1507 salutantur
2055 1496 2066 1514 ‚
2094 1471 2158 1519 qui

1208 1533 1332 1571 neque
1354 1534 1509 1569 regnum
1534 1521 1722 1570 aliquanto
1743 1531 1863 1569 neque
1881 1520 1995 1557 vitam
2020 1519 2156 1557 habue-

1207 1581 1304 1608 runt.
1355 1571 1469 1608 Prout
1493 1571 1666 1621 scriptum
1688 1569 1835 1620 reliquit
1857 1568 2050 1608 Martinius
2066 1568 2156 1617 Htst.

1206 1622 1282 1657 Sin.
1298 1624 1383 1657 Dec.
1401 1633 1433 1656 1.
1455 1619 1516 1657 lib.
1531 1619 1643 1668 2,]ὰὺ
1663 1623 1749 1670 Imp.
1766 1623 1809 1656 Is.
1827 1619 1887 1657 cui
1903 1620 2074 1669 jungatur
2089 1618 2158 1655 Bo-

1206 1679 1307 1707 terus
1323 1672 1364 1718 in
1379 1669 1482 1707 Polit.
1500 1675 1580 1720 Reg.
1595 1669 1640 1705 de
1654 1674 1702 1706 Re
1727 1696 1733 1702 .
1751 1667 1864 1706 Chinae
1877 1679 1961 1719 pag.
1984 1678 2061 1712 ¹23·
2110 1668 2157 1705 Et

1205 1720 1303 1757 testis
1311 1731 1354 1756 ex
1363 1732 1407 1756 ex
1434 1720 1586 1756 erientia
1601 1719 1672 1755 Dn.
1682 1681 1855 1757 biieuhof
1862 1721 1904 1758 in
1915 1715 2158 1769 genem-liba!

1192 1772 1260 1822 jus
1268 1769 1380 1819 Regni
1388 1731 1620 1820 aesmptione
1624 1778 1798 1821 pagan.

1586 1887 1769 1930 Num-23.

1305 1989 1325 2037 (
1343 1998 1383 2035 ¹3
1402 1987 1438 2044 )·
1468 1981 1619 2036 Jesicitae
1636 1979 1739 2033 &eq
1765 1981 1924 2027 Primus,
1936 1982 2001 2032 qui
2015 1981 2151 2021 exrhoc

1201 2037 1332 2075 ordine
1363 2038 1521 2075 Sinicam
1552 2033 1826 2084 expeditionem
1859 2032 2039 2082 aggressus
2064 2031 2114 2069 est
2137 2057 2150 2077 ‚

1199 2087 1272 2125 fuit
1288 2086 1493 2125 Franciscus
1508 2085 1688 2122 xaverius
1702 2109 1714 2128 ,
1740 2096 1851 2134 quem
1874 2083 1998 2120 Sinicae
2012 2079 2152 2119 Miffio-

1201 2139 1257 2174 nis
1283 2151 1359 2175 non
1385 2136 1658 2185 antesignanum
1689 2134 1804 2171 modo
1827 2131 2153 2183 gloriofiffimum.‚

1203 2187 1262 2224 sed
1278 2188 1388 2224 etiam
1409 2185 1565 2235 Moysen
1586 2183 1741 2221 alterum
1765 2183 1890 2232 vocari
1912 2183 1990 2231 jure
2013 2182 2150 2220 merito

1201 2236 1311 2286 poffe,
1321 2233 1579 2278 Martinius‚in
1587 2235 1701 2271 Brevi
1717 2233 1908 2271 Relatione
1924 2233 1966 2270 de
1973 2231 2085 2269 Rebus
2100 2232 2153 2268 si-

1200 2287 1361 2334 nensibus
1374 2313 1384 2331 ‚
1401 2284 1550 2324 censet:
1582 2284 1655 2320 Hic
1678 2293 1804 2320 tamen
1826 2283 2080 2319 continentem
2097 2281 2150 2318 Si-

1199 2349 1330 2374 narum
1349 2333 1522 2384 ingressus
1547 2345 1626 2369 non
1640 2332 1690 2369 est
1711 2357 1723 2376 ,
1758 2331 1819 2369 sed
1837 2332 1881 2367 ad
1905 2331 1998 2367 illius
2022 2331 2147 2377 januas

1200 2396 1370 2423 mortuus
1391 2387 1427 2421 in
1444 2384 1561 2420 Insula
1577 2382 1754 2417 Sancham
1773 2406 1784 2424 ‚
1808 2379 1929 2417 Sinico
1949 2380 2150 2428 Imperatoa

1200 2436 1231 2473 ri
1248 2434 1414 2482 subjestfi,
1432 2433 1580 2470 suorum
1604 2431 1771 2467 laborum
1799 2429 1946 2478 praemia
1971 2429 2066 2477 apud
2091 2427 2145 2466 su.-

1199 2496 1308 2534 peros
1318 2483 1490 2520 obtinuit.
1538 2480 1690 2516 Biennio
1708 2488 1829 2515 autem
1841 2504 1852 2522 ,
1868 2488 1931 2515 aut
1940 2477 2049 2527 paulo
2066 2477 2149 2527 plus

1199 2534 1277 2583 post
1286 2531 1522 2570 felicissimam
1538 2530 1632 2565 tanti
1642 2529 1708 2565 viri
1723 2537 1880 2564 mortem
1890 2554 1900 2571 ‚
1911 2527 1983 2564 hoc
1997 2526 2064 2572 est,
2074 2529 2149 2564 An-

1200 2595 1250 2620 no
1272 2583 1312 2619 M
1324 2581 1452 2618 DLV.
1476 2580 1512 2617 P.
1528 2577 1711 2615 Melchior
1729 2577 1858 2614 Nunes
1875 2577 2064 2613 Lusitanus
2084 2576 2147 2613 ali-

1199 2644 1309 2682 quam
1335 2631 1426 2668 Sinis
1452 2629 1557 2678 Legis
1583 2626 1802 2676 Evangelicae
1828 2626 1997 2663 notitiam
2025 2626 2147 2672 dedit,

1198 2694 1243 2719 ex
1258 2680 1444 2718 occafione
1455 2704 1466 2723 ‚
1484 2677 1585 2726 quod
1601 2676 1788 2726 Japoniam
1803 2685 1932 2725 petens
1943 2701 1955 2718 ,
1971 2687 2048 2712 non
2065 2687 2148 2725 par·

1197 2741 1248 2769 vo
1267 2740 1436 2779 tempore
1455 2726 1646 2764 substiterit
1662 2725 1706 2762 ad
1725 2725 1862 2762 Urbem
1887 2724 2144 2763 nobiliffimam

1197 2779 1430 2829 Qangcheu
1455 2802 1466 2820 ,
1500 2787 1579 2826 quae
1597 2775 1825 2824 Qangtung
1851 2774 2048 2812 Provinciae
2066 2775 2146 2813 Me-

1197 2829 1352 2878 tropolis
1374 2827 1434 2865 est.
1483 2824 1564 2861 Post
1579 2826 1646 2861 hos
1667 2823 1762 2860 hanc
1783 2823 1914 2860 sacram
1938 2823 2146 2874 Expeditio-

1196 2890 1282 2914 nem
1304 2878 1426 2915 Patres
1445 2873 1634 2911 Societatis
1651 2871 1732 2921 Jesu
1750 2871 1894 2921 ingressi
1910 2872 1993 2909 sunt
2016 2885 2144 2923 quam-

1195 2927 1363 2977 plurimi,
1380 2935 1539 2976 quorum
1560 2921 1765 2969 catalogum
1788 2923 1880 2959 texit
1905 2922 2055 2959 Author
2070 2923 2145 2960 loco

1194 2978 1312 3013 citato
1343 2982 1372 3017 ς.
1396 2987 1423 3008 ι.
1472 2970 1613 3009 Confer
1639 2971 1876 3008 Athanasium
1901 2971 2142 3010 Kircherum.

1186 3019 1661 3075 paste2.chinae1llustratae
1679 3029 1752 3070 cap.
1762 3028 1796 3062 e.
1815 3022 1879 3070 qui
1896 3031 2021 3060 tamen
2035 3021 2142 3072 huius

1194 3072 1304 3110 Patris
1312 3071 1432 3110 Nunis
1440 3081 1518 3107 non
1527 3067 1707 3108 meminit.

1572 3183 1682 3219 Num.
1695 3192 1756 3226 24.

1288 3281 1394 3326 (14)
1441 3278 1620 3327 Divers'as
1639 3277 1902 3330 perficationes
1919 3277 2017 3330 paffi’
2031 3273 2139 3325 ὢν]

1191 3329 1339 3367 Ultima:
1349 3355 1360 3372 ‚
1374 3329 1419 3366 de
1433 3329 1505 3377 qua
1521 3328 1669 3378 quidem
1685 3328 1858 3365 hactenus
1873 3328 2010 3377 aliquid
2026 3330 2062 3365 in
2069 3326 2132 3363 Hi-

1191 3379 1379 3416 storiarum
1390 3388 1633 3415 monumenta
1651 3378 1805 3415 relatum
1817 3376 1885 3414 esse
1894 3378 2039 3421 scimus,
2055 3384 2129 3423 per·
2150 3424 2153 3425 ⁷

1192 3427 1387 3464 secutionis
1403 3428 1458 3464 his
1473 3428 1590 3465 verbis
1606 3427 1775 3465 meminit
1789 3427 1980 3462 Martinius
1995 3419 2130 3461 deBeffo

1190 3480 1341 3514 Tartar.
1382 3489 1440 3526 ag.
1452 3490 1506 3514 ιι.
1542 3477 1679 3514 Eodem
1699 3488 1796 3512 anno
1811 3471 2129 3511 MDCXV111.1m-

1190 3536 1338 3576 perator
1395 3526 1554 3570 anneus,
1572 3536 1719 3575 rogatus
1737 3527 1758 3562 a
1778 3524 2002 3574 quibusdam,
2015 3527 2055 3555 ut
2068 3517 2129 3553 Pa-

1190 3585 1264 3615 tres
1283 3575 1473 3615 Societatis
1488 3576 1618 3626 JEsu
1637 3601 1652 3623 ,
1680 3574 1890 3614 eruistianae
1905 3569 1988 3613 fidei
2000 3576 2127 3617 propa-

1630 3645 1634 3648 ·
2023 3634 2127 3673 gato-
