2295 3872
806 78 868 129 acl
903 77 1096 128 Kiockii
1122 79 1254 129 Libri
1278 83 1311 132 l.
1332 82 1488 147 Caput
1507 80 1638 134 xlv.

573 160 683 195 Num.
700 169 758 198 ²4·

278 207 365 253 (ις)
373 208 432 244 Ex
440 206 688 258 'vestigalibus
697 203 794 257 ἀτη]
802 206 897 256 Qae
907 203 983 240 aliis
993 203 1029 238 in
1040 202 1111 239 loci
1112 215 1130 258 .⁵

169 254 335 303 ‘publicae
344 269 434 306 opes
442 267 580 295 naturae
589 257 781 300 debentur,
789 256 852 294 hic
861 255 1044 291 debentur
1059 251 1131 298 (dt-

181 314 285 342 cente
293 310 423 342 Marco
433 308 566 343 Zuerio
574 306 776 344 Boxhorm'o
782 304 826 341 de
834 302 980 352 Republ.
990 306 1129 338 Batav-

181 364 258 404 cap.
275 358 335 402 8.)
351 355 516 393 instituto
532 369 545 402 3
566 354 774 393 Institutum
791 362 915 389 autem
933 351 1024 390 illud
1035 351 1131 387 circa

181 403 370 454 veffigalia
387 405 549 442 vertatur
563 418 573 441 ι
599 405 680 441 sunt
694 413 818 440 autem
835 400 1022 449 vefflgalia
1039 400 1131 435 duo-

180 463 265 490 rum
274 466 472 502 generum3
483 453 647 504 quaedam
655 463 872 500 rerum,quae
883 449 1130 492 advehuntur,

181 502 216 538 δι
226 504 433 540 evehuntur
443 514 453 551 ;
469 503 633 553 quaedam
644 512 764 538 rerum
774 526 784 543 ,
795 511 874 549 quae
889 499 933 535 ab
944 498 1132 555 ipsisinco-

180 551 225 588 lis
234 553 518 590 consumuntur:
529 551 601 589 lllis
617 560 747 600 praeter
758 548 895 586 incolas
909 558 1020 584 etiam
1033 557 1132 584 exte-

180 602 223 640 ri,
234 601 426 640 hisincolae
442 601 588 638 tantum
603 607 805 638 onerantur
820 611 830 633 ε
856 596 920 634 Illa
936 597 1039 646 quod
1057 596 1132 646 spe-

181 650 267 694 stat,
302 663 344 688 ro
355 651 531 688 mercium
541 649 661 698 pretio
673 648 810 696 majora
821 648 901 684 sunt
908 646 968 684 vel
978 647 1132 686 minora,

181 663 338 749 suntgue
355 700 392 736 in
409 699 455 736 fin
483 700 551 735 ulis
567 698 719 735 Bataviae
734 697 913 746 portubus
929 696 1132 739 anstituti,

180 750 246 798 qui
257 760 385 786 eorum
397 760 442 786 ex
475 748 521 785 de
529 745 784 797 colligendorfi
791 747 930 783 habent
938 746 1133 783 rationem.

179 798 223 835 In
230 797 462 846 vectigalibus
468 796 642 846 impolitis
652 798 862 845 rebus,quae‚
869 805 912 833 ut
920 795 1132 836 diximusab

179 847 260 897 ipsis
269 846 397 883 incolis
405 845 691 886 consumuntur,
704 846 821 883 varias
835 857 966 883 eorum
985 845 1131 894 species,

178 897 295 935 varias
308 893 444 932 sormas
466 894 657 934 observare
674 896 772 933 licet.
823 894 896 931 Vix
910 894 1011 932 enim
1026 894 1132 943 quid-

178 956 288 995 quam
307 953 383 981 tam
400 943 481 982 leve
497 944 549 982 est
555 971 568 990 ‚
583 954 660 982 tam
672 944 806 982 nullius
818 944 1013 994 ponderis,
1030 943 1132 990 cujus

177 993 330 1032 nomine
344 992 495 1043 veffigal
516 1006 593 1032 non
609 994 650 1031 sit
665 994 890 1033 solvendum.
938 994 980 1030 Id
989 1003 1132 1030 autem..

175 1043 431 1082 observatione
439 1044 549 1092 longe
558 1043 804 1093 digniffimum
813 1069 825 1088 ,
835 1043 884 1080 ita
905 1044 1132 1080 ordinatam.

173 1091 247 1130 effe
256 1091 485 1142 vectigalium
493 1093 641 1131 illorum
652 1095 986 1142 rationem,ut‚quae
997 1092 1131 1142 gravis-

175 1141 263 1179 fima
273 1142 367 1185 sunt,
376 1143 527 1180 ditiores
537 1144 696 1187 tantum,
704 1143 738 1180 &
748 1143 975 1192 potentiores
983 1142 1129 1180 contin-

173 1200 274 1242 gant,
282 1192 599 1241 quemadmodum
609 1193 647 1229 in
656 1191 890 1243 vestigalibus
898 1217 909 1236 ‚
917 1193 1017 1236 vino,
1025 1192 1130 1240 agris,

174 1241 330 1328 ffaediss’
341 1241 671 1291 domibusaliisque
680 1242 892 1291 hujusmodi
900 1243 1005 1279 rebus
1013 1241 1131 1290 impo-

203 1290 249 1328 tis
267 1291 466 1340 unicuique
482 1291 586 1329 facile
603 1301 727 1341 patere
745 1291 884 1341 potest=
898 1292 969 1340 jam
986 1301 1131 1329 autem.

173 1341 242 1391 qui
251 1340 339 1377 vino
350 1341 477 1384 utitur,
487 1340 520 1377 &
555 1341 593 1378 ui
602 1341 754 1385 domos,
763 1352 888 1389 agros,
905 1341 1037 1390 praedia
1045 1352 1130 1389 pro-

174 1390 267 1440 pria,
275 1402 317 1427 ac
326 1389 386 1426 fua
395 1390 516 1433 habet,
541 1390 630 1428 acile
638 1402 768 1428 eorum
778 1391 931 1428 nomine
948 1390 1083 1441 aliquid
1092 1391 1130 1427 in

174 1438 364 1489 publicum
374 1438 565 1477 effundere
578 1440 708 1489 potest.

273 1490 352 1535 (26)
401 1488 553 1537 pist-ibus
561 1515 572 1532 ‚
587 1488 802 1540 lignis,fhli
813 1486 920 1538 ἀτη]
945 1489 1130 1540 Qamvis

173 1537 344 1576 videatur
353 1537 390 1574 id
401 1538 525 1588 inique
538 1540 633 1588 peti,
642 1539 726 1576 cum
738 1551 794 1576 res
803 1565 814 1583 ‚
825 1539 950 1589 quaein
961 1539 1131 1589 proprios

172 1586 465 1637 usus‚praesertim
475 1587 590 1624 viElfis
600 1588 634 1625 &
641 1590 806 1637 corporis
814 1588 945 1626 tuendi
953 1588 1058 1625 causa
1069 1588 1131 1624 de-

173 1634 358 1682 feruntur,
373 1637 505 1674 merito
513 1638 533 1674 a
541 1637 773 1687 veitigalibus
791 1639 976 1675 immunes
990 1637 1059 1675 effe
1069 1637 1131 1676 de-

173 1686 326 1732 beant,l.
326 1700 346 1731 5
351 1686 443 1724 .C.de
449 1684 632 1737 vestig&
639 1686 862 1735 commifil.4.
872 1686 973 1737 §aff
980 1686 1024 1724 de
1024 1685 1131 1738 publ.

172 1735 361 1786 &vth'g
387 1737 570 1775 Henricus
588 1736 712 1774 Klock
725 1736 882 1787 Discept.
898 1736 942 1774 de
949 1734 1054 1786 Jure
1066 1749 1130 1774 ve-

171 1785 299 1837 a‘igal.
308 1791 334 1823 ο.
340 1789 398 1830 46.
399 1785 500 1836 fiqq.
526 1786 662 1824 Surdus
669 1786 714 1824 de
722 1787 902 1824 Aliment.
917 1787 982 1824 tit.
990 1795 1022 1828 8·
1024 1787 1130 1837 priv.

173 1847 234 1881 19·
242 1846 316 1880 ιω.
341 1837 518 1873 Attamen
527 1836 562 1872 ἃ
572 1834 757 1874 neceffitas
767 1836 801 1873 ὅ(
810 1834 1130 1877 consuetudo,col-

172 1883 351 1923 lestarum
362 1885 538 1934 magistra,
550 1886 586 1922 in
596 1898 642 1923 eo
651 1898 786 1935 genere
800 1885 900 1922 Datii
915 1885 976 1923 seu
984 1884 1130 1936 Imposi-

172 1934 285 1971 tionis
300 1959 312 1978 ,
328 1935 431 1984 quod
445 1935 704 1972 consumendis
719 1935 892 1985 imposuit
905 1961 917 1980 ,
934 1935 1049 1973 hodie
1063 1947 1131 1985 per

173 1983 359 2033 Europam
368 1983 444 2021 fere
453 1983 595 2022 recellit
605 1985 648 2021 ab
657 1985 723 2022 isto
732 1986 822 2032 jure,
829 1985 864 2022 δε
873 1985 944 2023 fine
952 1986 1037 2023 usus
1045 1993 1129 2034 pro-

201 2033 244 2070 rii
254 2042 318 2070 aut
327 2032 433 2070 alieni
443 2034 580 2071 intuitu
590 2035 770 2072 mercibus
782 2034 956 2084 imposuit
963 2035 1057 2072 vesti
1083 2034 1128 2072 al.

212 2094 233 2120 e
249 2082 351 2130 cujus
368 2084 557 2132 aequitate,
575 2096 621 2121 an
632 2095 700 2134 pro
710 2083 777 2121 usu
794 2084 965 2134 Reipubl.
990 2084 1028 2120 id
1072 2094 1128 2129 at,

173 2132 278 2170 haud
295 2132 451 2169 nimium
468 2133 613 2182 disputo
630 2158 639 2174 ‚
656 2136 695 2170 in
711 2145 757 2171 eo
775 2133 922 2183 vestigia
944 2134 1017 2171 Dn.
1032 2133 1129 2172 Mar-

171 2181 306 2232 quardi
325 2181 371 2218 de
379 2178 598 2231 J.Mercat.
613 2182 677 2220 lib.
686 2195 720 2219 2.
738 2192 814 2233 cap.
822 2195 856 2226 3·
871 2195 908 2221 n.
915 2195 976 2228 72.
992 2183 1128 2233 legens.

171 2231 264 2269 Inde
275 2231 402 2268 Simon
411 2231 432 2268 a
440 2231 719 2282 Groenewegen
729 2230 772 2269 de
781 2232 931 2282 Legibus
946 2232 1071 2284 abrog.
1086 2235 1128 2270 in

170 2279 375 2319 Rodandia
390 2280 446 2318 ad
457 2281 617 2318 titulum
634 2282 768 2319 Codicis
784 2283 828 2318 de
837 2282 966 2333 Va‘Jig.
982 2279 1128 2324 &com-

170 2328 311 2379 mis-'ad
319 2329 422 2367 rubr.
431 2330 477 2367 de
486 2330 611 2380 Belgio
619 2331 657 2368 in
667 2332 784 2380 specie
794 2331 872 2369 haec
881 2341 1005 2369 notat:
1023 2333 1128 2370 Nulli

169 2379 354 2418 Gentium
362 2390 431 2429 pro
440 2379 608 2418 libertate
617 2380 722 2430 plura
738 2391 848 2430 atque
863 2381 1001 2429 majora
1017 2381 1130 2420 vesti-

170 2429 278 2480 galia,
287 2438 396 2478 atque
406 2429 655 2480 impositiones
662 2429 877 2481 persolvunt
885 2457 896 2474 ,
905 2432 1017 2481 quam
1029 2434 1130 2470 Bata-

170 2479 211 2518 vi
226 2478 337 2517 nostri
353 2491 364 2515 2
381 2478 428 2518 de
442 2479 499 2517 his
516 2479 640 2518 multa
652 2490 779 2518 extant
794 2480 912 2518 edicta
926 2481 1132 2529 (2312thth

169 2527 648 2578 mmgememessmiobeien)
666 2531 798 2580 quibus
805 2531 966 2572 utimur,
981 2543 1059 2568 non
1067 2544 1130 2569 au·

170 2586 252 2616 tem
259 2577 366 2626 hujus
373 2577 473 2616 tituli
479 2578 630 2628 legibus.
638 2579 729 2618 vide
737 2577 845 2629 infra*
854 2589 994 2618 notata
1001 2579 1056 2619 ad
1061 2594 1131 2620 mt-

173 2638 317 2669 nerum
323 2639 383 2675 73.
390 2627 455 2667 hoc
465 2629 598 2680 capite.

541 2715 653 2750 Num.
660 2723 681 2758 3
688 2723 722 2750 ι.

275 2773 359 2821 (27)
404 2770 616 2822 Pifiatiomls
622 2784 794 2810 annuum
793 2781 1026 2824 proventum
1033 2773 1131 2826 &cy

178 2815 248 2857 ma
261 2819 428 2859 halecum
444 2822 593 2871 piscatio
635 2832 790 2861 uantum
811 2835 931 2872 operae
947 2826 1128 2874 pretium,

178 2878 355 2918 quantam
363 2871 527 2921 Reipubl.
537 2835 764 2910 Holcllandicae
771 2873 969 2911 utilitatem
978 2873 1130 2924 praestet,

179 2928 260 2967 quo
270 2929 333 2968 ore
342 2918 488 2958 efferam
498 2947 510 2966 ‚
530 2922 672 2972 (inquit
679 2921 1052 2973 Hadrinnmffunim
1058 2927 1130 2962 Ba-

180 2975 271 3005 uv.
285 2967 411 3024 Hgstor.
424 2979 500 3020 cap.
519 2984 573 3016 15.
580 2981 665 3022 pag.
680 2983 769 3016 345.
779 2976 795 3019 )
812 2972 961 3022 ignoro,
1002 2975 1128 3012 uando

178 3027 262 3052 non
270 3027 390 3060 umus,
398 3017 457 3055 sed
464 3019 624 3068 plurium
633 3021 824 3059 civitatum
833 3021 925 3060 salus
934 3022 969 3059 ὅτ
994 3033 1078 3061 ortu
1083 3036 1129 3062 na

179 3064 270 3104 inde
278 3065 434 3124 pendere
440 3071 710 3119 propemodum
718 3071 924 3110 videantur:
931 3072 1019 3110 inde
1027 3073 1130 3123 plebs

180 3115 324 3170 urbana
331 3125 463 3163 panter
472 3117 506 3154 &
513 3119 642 3157 rustica
648 3119 786 3159 vistum
796 3131 966 3171 quaerunt
974 3149 984 3165 ‚
991 3134 1039 3160 aes
1045 3123 1130 3162 alie-

179 3175 276 3202 num
284 3164 488 3209 dissolvunt,
499 3166 649 3207 familias
656 3169 871 3212 sustentant,
885 3184 973 3222 opes
1016 3172 1130 3211 uales-

179 3224 331 3263 cunque
339 3215 578 3263 conquirunt.
590 3228 652 3256 aut
661 3229 780 3270 partas
786 3231 951 3259 tuentur.
976 3184 1131 3261 gonstat

180 3274 346 3313 namque
355 3263 660 3320 Oudewateram,
675 3271 954 3316 Woerdenum,
971 3272 1131 3311 Rotero·

180 3313 336 3350 damum
345 3337 356 3355 ,
365 3313 592 3370 {Sciedamum
602 3341 613 3360 ,
621 3318 771 3356 Brielam
780 3346 790 3361 ,
806 3333 928 3371 neque
944 3322 1129 3372 ignobilia,

179 3374 307 3412 neque
318 3361 423 3399 exilia
433 3364 566 3412 oppida
576 3368 631 3409 (ut
640 3367 686 3405 de
698 3368 772 3407 aliis
779 3373 938 3418 taceam)
956 3374 1130 3424 praecipu-

181 3423 223 3450 as
232 3412 316 3449 inde
325 3411 492 3450 fortunas
501 3413 641 3452 traxisse
649 3441 659 3459 ,
701 3417 818 3456 lebem
828 3432 979 3459 omnem
997 3433 1132 3475 prope-

180 3461 339 3500 modum
347 3461 386 3499 in
394 3464 562 3500 texendis
568 3428 728 3513 tragulis,
738 3469 945 3508 everriculis
952 3497 963 3516 ,
979 3471 1129 3523 sagenis,

181 3510 407 3561 reliquoque
425 3512 667 3551 instrumento
684 3517 788 3553 omni
806 3519 998 3559 reticulato
1013 3548 1025 3566 ‚
1050 3535 1129 3573 quo

181 3561 334 3610 piscatio
351 3561 567 3606 instituitur,
584 3564 674 3601 item
689 3565 727 3602 in
736 3569 950 3616 torquendis
965 3572 1129 3616 restibus,

180 3610 283 3650 unde
292 3611 382 3650 retia
389 3610 601 3663 ple-&untur
606 3639 619 3661 ‚
636 3623 721 3654 toto
734 3627 833 3657 auno
843 3629 1061 3672 occupatam
1067 3622 1131 3661 ha·

1184 154 1281 192 bere.
1297 154 1349 193 Ex
1362 166 1439 205 quo
1446 152 1552 192 facile
1562 156 1630 193 aesti
1635 169 1734 195 mare
1743 158 1862 208 potest
1871 159 1988 209 quivis
1996 185 2006 203 ‚
2022 172 2137 209 quan-

1182 214 1263 241 tum
1273 204 1510 242 momentiad
1518 207 1640 243 omnia
1647 208 1805 257 politum
1816 210 1857 246 fit
1865 210 1902 247 in
1912 210 2020 258 hujus
2028 211 2137 259 pisca-

1182 253 1293 291 tionis
1301 253 1413 290 fausta
1422 253 1480 291 vel
1490 254 1636 292 adversa
1652 268 1799 306 captura
1818 285 1827 300 ,
1849 261 1894 296 de
1904 272 1976 310 qua
1986 260 2056 297 dici
2070 272 2135 309 po-

1182 302 1360 352 test‚quod
1373 303 1419 340 de
1429 302 1590 340 Fortuna
1599 307 1729 343 extulit
1738 307 1908 358 Plinius‚q
1914 309 1988 347 uod
2000 319 2137 346 utram-

1181 363 1253 399 que
1263 352 1430 401 paginam
1440 350 1562 391 faciat.
1612 355 1710 391 Nam
1727 369 1812 394 cum
1827 359 1982 395 secunda
1994 359 2136 408 piscati-

1183 412 1255 437 one
1265 401 1438 439 decrescit
1446 402 1697 452 minuiturque
1707 417 1828 442 rerum
1839 409 2007 444 omnium
2018 407 2136 446 ferme

1181 450 1347 486 edulium
1357 451 1681 500 pretiumadversa
1689 456 1848 503 augescit
1856 467 1966 505 atque
1976 458 2136 495 intendi-

1182 507 1264 535 tur:
1277 512 1397 549 neque
1408 500 1482 537 sola
1495 501 1643 548 hujusce
1659 512 1749 539 tunc
1765 502 1977 542 calamitatis
1994 507 2068 544 vim·
2080 519 2134 545 re-

1182 548 1244 597 gio
1254 549 1372 585 nostra
1382 550 1568 598 experitur
1574 576 1586 594 ,
1598 552 1763 600 quinimo
1773 552 1806 589 ἃ
1815 554 1858 589 ad
1867 555 1950 591 alias
1965 556 2134 594 celeriter

1183 597 1308 633 transit
1316 598 1452 636 doloris
1462 599 1595 641 sensus,
1610 599 1657 638 eo
1666 601 1767 651 quod
1785 604 1822 638 in
1832 615 2002 653 magnam
2021 606 2135 643 Euro-

1182 657 1237 696 pae
1246 656 1387 696 partem
1396 647 1625 686 diffundatur
1634 662 1676 687 ea
1689 662 1948 701 merx,utcunq
1954 666 1998 690 ue
2008 666 2064 691 res
2076 668 2134 693 ce-

1184 695 1352 740 ciderint,
1360 698 1550 735 vendibilis
1559 699 1593 736 &
1601 711 1644 736 ex
1673 700 1780 737 edita.
1791 702 1880 751 Atq3
1891 714 1934 738 ex
1943 714 2015 738 una
2026 704 2133 752 pisca-

1183 755 1267 782 tura
1277 746 1513 796 Halecfi‚quae
1521 758 1566 785 ex
1575 750 1625 785 Ar
1663 750 1698 786 oi
1709 751 1818 787 maris
1828 751 1972 788 latebris
1987 754 2042 799 (in
2055 754 2135 790 nul-

1183 793 1222 831 lo
1231 795 1331 832 enirn
1340 795 1510 841 flumine,
1521 809 1643 847 neque
1660 801 1750 836 mari
1763 801 2035 837 mediterraneo
2048 828 2057 842 ‚
2073 803 2135 839 sed

1185 843 1263 901 solo
1271 844 1555 902 Septentrionali
1571 848 1725 886 Oceano
1741 850 1989 899 reperiuntur)
2006 853 2131 900 praeci-

1183 903 1324 943 pitante
1332 906 1404 942 μιῇ
1413 895 1618 938 vere,velut
1631 901 1868 937 commutatis
1879 899 2135 945 sedibus,tanta

1182 942 1435 987 multitudine,
1446 953 1488 980 ut
1496 945 1668 994 oppositis
1677 949 1814 986 retibus
1825 949 1888 986 fisti
1907 960 2066 998 nequeat
2074 962 2136 988 eo-

1183 1004 1267 1029 rum
1278 992 1328 1028 im
1356 1003 1449 1036 etus,
1458 994 1497 1030 in
1505 994 1622 1032 aestiva
1630 998 1874 1040 contendunt,
1884 999 2136 1049 palabundi‚in

1182 1041 1320 1078 Hollan
1347 1043 1381 1078 ia
1389 1045 1588 1091 quotannis
1600 1057 1717 1083 unum
1729 1048 1933 1086 millionem
1942 1075 1952 1093 ,
1966 1050 2136 1099 &quatu-

1183 1103 1227 1127 or
1234 1101 1393 1128 centena
1413 1103 1455 1128 ac
1477 1093 1511 1128 se
1538 1096 1704 1142 tuaginta
1732 1097 1846 1135 millia
1870 1098 2002 1136 confici
2019 1099 2137 1147 ajunt.

1181 1140 1428 1190 Marquardus
1441 1104 1537 1191 de}
1545 1147 1705 1182 Mercat.
1721 1145 1783 1183 lib.
1792 1159 1826 1185 2.
1837 1158 1914 1199 cap.
1924 1161 1957 1192 3.
1967 1162 2067 1186 num.
2077 1163 2136 1195 74.

1182 1202 1295 1241 quem
1311 1190 1408 1229 vide.

1579 1246 1691 1280 Num.
1701 1256 1758 1288 32.

1280 1290 1364 1338 (28)
1415 1290 1578 1329 zelandi
1585 1288 1684 1340 &cy
1708 1294 1770 1330 Ad
1782 1305 1940 1344 quorum
1950 1297 2138 1336 Provinci-

1181 1352 1241 1377 am
1258 1351 1303 1377 ex
1319 1339 1428 1377 unius
1453 1339 1587 1378 halecis
1606 1341 1695 1377 saliti
1713 1342 1747 1379 ὃ(
1763 1343 1931 1394 fumigati
1940 1349 2065 1396 copia,
2076 1361 2138 1385 eo-

1181 1389 1339 1438 rumque
1349 1398 1451 1426 extra
1461 1391 1688 1438 provinciam
1698 1395 1954 1441 exportatione
1965 1397 2045 1446 plus
2057 1398 2138 1436 CC.

1182 1438 1409 1476 florenorum
1430 1439 1544 1476 millia
1561 1440 1699 1485 redire,
1714 1441 1812 1480 idem
1829 1456 1874 1482 ex
1882 1445 2042 1484 Thuano
2053 1448 2138 1485 scri-

1181 1488 1248 1526 bit.

1281 1536 1366 1584 (29)
1418 1537 1669 1625 Conccffrunt
1685 1540 1802 1592 Angli
1817 1540 1925 1592 ῥα]
1949 1543 2047 1582 'Vide
2063 1546 2148 1583 Sel-r

1183 1585 1322 1624 denum
1338 1585 1487 1625 demar-
1501 1602 1521 1625 c
1535 1587 1622 1637 atesb
1630 1589 1694 1626 lt'b.
1704 1603 1737 1627 2.
1747 1601 1825 1641 cap.
1838 1608 1855 1629 2
1866 1604 1894 1630 ι.
1909 1593 2138 1634 Loccenium

1183 1636 1229 1673 de
1234 1632 1338 1686 (fure
1349 1638 1480 1674 marit.
1488 1639 1552 1675 ltb.
1571 1654 1596 1675 1.
1607 1648 1682 1689 cap.
1690 1653 1721 1684 ρ.
1733 1644 1760 1686 5.
1769 1656 1805 1683 4·

1287 1687 1370 1734 (30)
1420 1687 1604 1725 chiliades
1612 1698 1772 1738 captura
1786 1689 1955 1729 hal-ecam
1970 1691 2077 1744 esra]
2090 1694 2140 1733 V.

1182 1733 1229 1773 D.
1236 1733 1287 1773 H.
1296 1735 1432 1772 autho-r
1439 1736 1561 1787 scripti
1570 1737 1704 1787 Belgici
1712 1765 1724 1783 ,
1734 1740 1791 1787 cuj
1796 1751 1836 1777 us
1843 1741 1974 1779 titulus
1988 1745 2140 1793 Interest

1180 1796 1265 1822 van
1276 1785 1436 1823 Holland
1443 1797 1522 1837 cap.
1534 1802 1569 1829 5-
1585 1787 1639 1824 aff
1634 1788 1712 1829 erit,
1722 1791 1843 1826 annue
1852 1790 1933 1840 plus
1948 1794 2060 1842 quam
2069 1796 2140 1832 tria

1182 1834 1297 1872 millia
1304 1846 1461 1872 onerum
1473 1839 1549 1884 (ein
1559 1837 1653 1885 Lali
1661 1848 1821 1883 vocant,
1831 1853 1988 1889 quorum
2021 1843 2142 1882 nodli-

1181 1884 1244 1921 bet
1258 1883 1446 1922 duodecim
1460 1895 1596 1923 tonnas
1610 1912 1622 1930 ,
1643 1896 1763 1925 tonna
1779 1890 1867 1927 verb
1884 1891 1983 1928 mille
2023 1893 2141 1931 alecos

1181 1935 1357 1972 continet.
1380 1933 1593 1984 Henifihius·
1609 1936 1826 2024 Αεββὲζας.
1838 1944 1941 1987 139.)
1951 1941 2142 1982 salitorum

1181 1984 1334 2033 piscium
1352 1983 1420 2021 five
1438 1984 1699 2035 Harengorum
1718 2001 1737 2024 a
1779 1989 1974 2028 Hollandis
1991 1994 2071 2042 capi
2087 2002 2142 2030 at-

1182 2044 1256 2083 que
1272 2034 1452 2070 consumi.
1477 2034 1575 2073 Dein
1591 2037 1714 2073 versus
1731 2038 2029 2087 Septentrionem
2048 2055 2142 2092 quo-

1181 2083 1324 2127 tannis,
1343 2082 1424 2132 plus
1439 2085 1550 2134 quam
1572 2085 1732 2124 ducenta
1748 2087 1945 2126 hominum
1962 2090 2076 2129 millia
2096 2105 2145 2131 ex

1181 2133 1381 2170 Hollandia
1390 2133 1434 2170 ad
1445 2145 1634 2184 capturam
1645 2135 1869 2175 Balaenarum
1882 2139 2031 2179 solvere.
2042 2142 2144 2180 Hinc-

1182 2182 1207 2219 fi
1222 2180 1320 2220 reste
1336 2182 1498 2220 calculus
1520 2194 1691 2234 ponatur,
1709 2185 1743 2222 ὃ(
1759 2188 2020 2235 consideretur,
2038 2192 2143 2241 quod

1182 2243 1293 2270 naves
1304 2244 1435 2270 omnes
1444 2233 1516 2271 illic
1524 2234 1763 2280 aedificentur,
1774 2236 1892 2282 funes,
1905 2239 2024 2285 resteS,
2035 2243 2142 2278 retia-

1183 2281 1256 2331 que
1268 2293 1355 2318 cum
1364 2283 1490 2320 tonnis
1499 2283 1711 2323 reficiantur
1718 2311 1729 2330 ‚
1743 2298 1814 2324 nec
1822 2299 1898 2325 non
1909 2288 1954 2326 sal
1975 2290 2143 2340 suppedi-

1183 2340 1295 2372 tetur,
1305 2330 1411 2370 facile
1422 2332 1545 2382 colligi
1554 2334 1652 2384 poffe
1660 2361 1672 2379 ‚
1679 2335 1931 2374 incredibilem
1942 2338 2143 2379 hominum

1183 2380 1463 2419 multitudinem
1475 2395 1519 2420 ex
1533 2395 1579 2420 eo
1587 2385 1700 2421 vitam
1709 2386 1855 2424 trahere
1862 2413 1872 2428 ,
1879 2387 1939 2425 vel
1949 2390 2107 2428 maxime
2117 2390 2144 2428 fi

1183 2430 1456 2482 addatur,qubd
1466 2432 1500 2469 δι
1510 2433 1681 2471 homines
1694 2433 1744 2470 illi
1760 2447 1891 2474 omnes
1906 2437 2095 2488 indigeant
2106 2452 2144 2479 e-

1185 2481 1237 2525 su,
1245 2490 1338 2530 potu
1347 2506 1358 2524 ,
1367 2480 1589 2519 vestimentis
1596 2509 1607 2527 ,
1618 2483 1801 2528 domibus,
1810 2485 1846 2522 &
1854 2497 1921 2536 per
1928 2490 2143 2528 universum

1183 2530 1318 2568 mundi
1332 2530 1490 2568 trastum
1515 2533 1610 2581 capti
1656 2545 1696 2570 er
1712 2533 1919 2574 Hollandos
1944 2538 2056 2588 pisces
2072 2540 2143 2577 cir-

1185 2578 1450 2618 cumferantur.
1476 2581 1573 2630 Qae
1585 2583 1619 2618 di
1658 2594 1700 2620 us
1710 2583 1771 2621 ille
1786 2586 1933 2623 Author
1942 2599 1987 2624 ex
1995 2588 2141 2627 relatio-

1184 2641 1234 2668 ne
1243 2628 1411 2667 Gualteri
1419 2629 1572 2682 Raleigii
1582 2632 1718 2670 ibidem
1727 2634 1934 2673 confirmat„
1951 2637 2140 2676 Caeterum

1186 2680 1234 2717 de
1242 2679 1399 2728 Legibus
1407 2679 1503 2717 circa
1510 2690 1699 2732 capturam
1710 2683 1892 2723 Halecum
1908 2687 2139 2726 Schoockius

1185 2730 1279 2781 Belg.
1287 2727 1420 2767 Foeder.
1428 2728 1494 2768 lib.
1503 2738 1536 2772 8.
1546 2741 1621 2782 cap.
1631 2745 1663 2769 2.
1672 2733 1893 2772 consulatur.

1549 2785 1662 2819 Num.
1684 2795 1745 2827 33.

1286 2830 1384 2876 (31)
1435 2828 1661 2869 Guilhelmus
1676 2831 1888 2871 Buckeldius
1903 2836 1979 2875 &a
1991 2832 2014 2882 7
2038 2833 2136 2872 Vide

1183 2873 1438 2917 Boxhornium
1446 2881 1488 2917 in
1494 2879 1652 2919 Theatro
1660 2882 1859 2920 Hollandiae
1865 2893 2012 2932 pag-44-

1550 2935 1660 2968 Num.
1703 2936 1734 2969 ὅ.

1246 2970 1257 2980 “
1281 2978 1368 3026 (32)
1417 2978 1617 3018 Hollandia
1626 2945 1724 3030 ἅνέ]
1748 2979 1952 3017 Hollandiae
1965 2980 2070 3018 solius
2078 2991 2134 3018 re-

1185 3026 1285 3064 ditus
1299 3027 1496 3065 duodecim
1521 3030 1742 3067 mulionibus
1767 3029 1991 3065 florenorum
2014 3030 2029 3071 (
2042 3041 2135 3076 quo-

1186 3088 1271 3115 rum
1287 3077 1442 3126 quilibet
1458 3078 1555 3117 salet
1573 3080 1741 3116 baciones
1758 3082 1918 3122 novem)
1940 3077 2135 3116 constitiffe

1185 3129 1299 3164 Anno
1313 3127 1551 3164 MDCXLIII.
1561 3141 1604 3165 ex
1621 3129 1747 3164 Liewte
1760 3127 1806 3163 de
1823 3127 1946 3163 Aisma
1958 3126 2071 3164 refert
2086 3128 2135 3166 V.

1186 3178 1228 3214 D.
1237 3176 1286 3215 H.
1295 3177 1338 3215 in
1345 3175 1496 3225 Interest
1504 3189 1587 3215 van
1594 3174 1834 3225 Hollandcap.
1844 3190 1878 3212 2.
2158 3202 2170 3206 -

1555 3230 1665 3262 Num.
1684 3237 1695 3246 ⁴
1724 3251 1734 3260 .

1284 3275 1322 3323 (3
1331 3278 1367 3324 3)
1417 3280 1460 3313 In
1468 3277 1575 3326 aquis
1580 3232 1924 3357 fines³peoffi⁹1ffionum
1933 3269 2033 3325 ἀι]
2055 3274 2134 3314 Cu.

1183 3327 1240 3376 jus
1249 3326 1300 3364 rei
1306 3325 1365 3363 vel
1375 3324 1532 3362 maxime
1539 3323 1635 3361 testis
1643 3322 1692 3359 est
1702 3323 1763 3358 Ho
1779 3323 1896 3360 landia
1906 3324 2131 3372 Septentrio-

1184 3375 1402 3424 nalis‚vulgo
1411 3371 1774 3416 West-Friesland,&
1781 3372 1822 3410 in
1830 3384 1874 3411 ea
1883 3373 1929 3412 de
1936 3373 2133 3423 Beemster,

1183 3426 1385 3468 Wormer,
1393 3424 1544 3460 I’urmer
1551 3422 1617 3459 &c.

1562 3475 1673 3510 Num.
1693 3483 1752 3517 39.

1283 3524 1321 3570 (3
1327 3522 1371 3567 4)
1421 3519 1728 3568 Amstelodamum
1742 3518 1841 3572 ότ]

1233 3571 1326 3612 Urbs
1318 3569 1495 3620 spatiolis,
1496 3578 1627 3619 potens
1635 3570 1766 3620 opibus,
1774 3569 2083 3623 tec'i‘tkgssficperbae,

1283 3618 1430 3661 Viribus
1437 3619 1799 3667 invidiaemfirimina
1807 3620 1883 3673 lege
1891 3622 2032 3706 damac(-
2065 3668 2089 3708 b
2131 3658 2134 3660 ,

2007 3682 2067 3710 tw
2090 3680 2131 3709 m
